2000 3609
199 238 759 326 rntrrnonrA.1x11

95 357 127 422 §o
139 347 237 408 sitiam.
253 356 343 408 Unum
357 353 496 419 adiiciam,
512 352 604 406 omnia
619 369 679 416 me,
695 351 758 422 qui-

99 427 137 480 bus
150 428 331 491 interfueram,
345 444 459 497 queque
474 426 578 491 statim,
592 426 652 479 etim
667 425 756 478 inaxi-

99 499 199 555 nivera
208 515 390 556 memorantur
399 540 408 565 ,
416 501 550 553 audieram
560 538 568 564 ,
580 500 756 568 persecutum.

97 571 132 625 Tu
142 574 275 643 potissima
289 591 427 643 excerpes.
440 574 519 626 Aliud
531 572 567 627 est
577 572 649 626 enim
659 570 756 641 episto·

96 644 160 710 lan,
180 649 250 702 aliud
272 648 436 711 historiam,
457 647 528 701 aliud
551 646 664 710 amieo,
685 644 756 702 aliud

96 720 205 776 omuibus
220 721 343 777 seribere.
363 722 441 775 Vale.

127 844 166 916 C.
188 847 407 917 Sunrourus
431 845 717 929 TniuouruwS.

198 969 290 1029 Plinii
311 968 378 1028 Vita
387 1012 399 1039 ,
418 990 454 1044 epe
473 965 543 1047 Mffi
560 969 628 1048 Rtg.

124 1091 242 1149 Pilutus
262 1094 421 1156 Secundus,
438 1085 650 1149 Novocomensis,
664 1091 764 1161 eques-

93 1161 165 1220 tribus
181 1170 287 1222 militiis
306 1163 432 1219 industrie
449 1164 575 1228 sunsbus,
593 1165 762 1233 procuratio·

94 1252 136 1291 nes
150 1257 250 1312 quoque
265 1237 493 1310 splendidissimas
506 1253 584 1307 atque
597 1239 760 1305 continuas,

93 1309 182 1367 sunni
203 1313 357 1385 integritate
382 1311 600 1373 administravit3
619 1313 647 1365 δι
667 1323 759 1365 tamen

92 1382 229 1442 liberalibus
249 1387 343 1440 studiis
363 1400 463 1439 tantam
484 1402 595 1455 operam
615 1385 706 1446 dedit,
726 1399 760 1439 ut

92 1470 141 1509 non
161 1474 259 1515 temere
284 1461 346 1530 quis
371 1461 447 1528 plura
473 1458 504 1511 in
528 1458 588 1512 otio
612 1458 759 1527 scripserit.

92 1526 172 1601 itaque
187 1536 257 1588 bella
272 1531 365 1587 omnia
375 1571 385 1597 ,
396 1549 454 1602 quae
468 1548 595 1602 umquam
610 1548 671 1585 cum
686 1532 760 1586 Ger·

91 1605 166 1658 inanit
182 1607 250 1678 gesta
265 1607 346 1666 suut,
365 1603 466 1674 viginti
481 1604 666 1659 voluminibus
681 1620 760 1657 conr·

91 1679 229 1742 prehendit.
257 1680 326 1734 ltem
351 1676 479 1731 naturalis
507 1677 623 1731 historie
651 1677 760 1748 triginta

90 1748 183 1819 septem
201 1754 287 1807 libros
303 1749 427 1805 absolvit.
450 1750 533 1803 Periit
549 1753 622 1804 clade
643 1753 759 1821 Campa·

91 1821 145 1877 ria.
171 1828 242 1879 Nam
267 1824 330 1878 crim
348 1822 497 1877 Misenensi
521 1823 600 1877 classi
620 1823 761 1893 praesset,

90 1892 212 1966 flagrante
230 1897 378 1959 Vesuvio,
398 1897 431 1948 ad
448 1897 625 1962 explorandas
648 1896 762 1965 propiis

90 1971 193 2033 uuas,
213 1968 359 2024 liburnicas
376 1965 575 2037 praetendissem
591 1984 699 2040 neque,
715 1972 762 2024 ad·

31 2071 32 2074 =
91 2043 250 2097 versantibus
269 2041 377 2105 ventis,
393 2057 511 2095 remeate
528 2041 633 2111 posset,
651 2044 682 2098 vi
697 2046 761 2114 pul·

91 2115 155 2170 verit
171 2134 202 2171 ac
221 2115 321 2170 saville
340 2114 476 2185 oppresus
492 2114 530 2169 est
545 2135 553 2169 z
569 2115 636 2176 vel,
651 2134 682 2171 ut
698 2118 761 2188 qui·

93 2186 145 2240 darn
156 2189 308 2244 existimant
318 2228 327 2254 ,
338 2208 352 2242 a
367 2190 446 2243 servo
459 2189 509 2243 suo
525 2190 627 2244 occisus
638 2232 646 2256 ,
658 2208 738 2261 quem
749 2230 760 2257 ,

94 2259 209 2316 deficiens
224 2262 302 2327 astu,
315 2278 345 2316 ut
356 2279 448 2318 necent
459 2263 511 2316 sibi
521 2279 680 2328 maturaret,
697 2282 760 2317 ota·

93 2341 170 2390 verat.
186 2336 238 2391 Hic
254 2336 284 2390 in
298 2335 341 2389 his
359 2336 434 2390 libris
450 2336 550 2406 viginti
570 2338 654 2389 millia
670 2352 762 2389 rerum

95 2404 222 2476 dignatum
247 2411 303 2461 curs
324 2425 360 2463 ex
379 2407 496 2462 lenione
515 2409 689 2460 voluminum
711 2409 766 2459 cir·

96 2475 155 2533 citer
171 2484 250 2536 duum
269 2482 385 2535 millium
404 2482 563 2548 complexus
586 2479 634 2531 est.
658 2478 764 2533 Primus

96 2564 176 2606 autern
188 2556 272 2620 libet,
287 2555 335 2625 qui
349 2552 432 2606 index
445 2566 565 2604 xxm.
580 2551 708 2605 librorum
724 2552 765 2605 se·

95 2627 224 2691 quentiunt
234 2667 242 2693 ,
254 2626 514 2682 consummationem
528 2625 611 2680 totius
628 2624 718 2696 operis
736 2626 763 2680 δι

95 2695 187 2764 species
203 2702 328 2756 continet
344 2700 495 2753 titulorum.

129 2773 212 2827 Altera
230 2774 311 2828 Plinii
328 2774 386 2826 vita
405 2772 506 2842 prodiit
528 2770 645 2841 primitur
664 2771 765 2828 Brixia

98 2855 161 2900 ruuo
177 2860 214 2906 ut.
231 2860 400 2905 ccccxcvi.
416 2846 519 2902 incerto
536 2845 701 2914 audone,&
716 2862 765 2910 ree
