2000 3609
208 192 290 307 mit
332 225 783 291 rasrzstoutA.

210 348 307 394 centes
318 332 364 402 qui
378 332 494 387 Plinium
510 346 584 401 patre
598 335 710 399 Celere,
723 347 808 388 matre
817 330 899 388 Mat-

212 407 288 461 cella
303 420 394 461 natum
412 421 582 459 commentus
595 407 641 460 est.

362 554 513 627 Aucus
538 552 748 620 Gannws.

289 672 391 778 Nodsts'
406 715 521 776 Attica.
535 714 612 776 Lt'br.
623 733 675 776 lx.
686 735 748 797 cap.
759 732 815 778 tr.

249 869 423 921 L1n1au1u
443 881 532 919 tamen
551 865 588 918 est
606 865 636 918 in
654 868 720 920 loco
738 867 792 920 hoe
810 866 906 923 nnita·

212 947 336 997 culorum
354 957 447 996 notate
467 941 494 993 id
513 939 617 1003 etiam,
636 942 710 1008 quod
729 940 833 994 Plinius
855 946 905 997 Se·

212 1018 331 1080 cundus,
341 1014 385 1068 vit
396 1014 424 1066 in
434 1012 600 1082 temporibus
611 1012 696 1065 aetatis
708 1014 762 1065 suae
772 1053 780 1077 ,
792 1013 906 1087 ingenii

206 1090 401 1160 dignitatisque
418 1088 519 1158 gratid,
537 1086 694 1139 audlotitate
710 1087 811 1157 tnagttd
827 1105 905 1156 ptae·

211 1165 303 1222 ditus,
322 1179 378 1230 non
396 1160 511 1224 audiffe,
529 1176 615 1227 neque
632 1157 739 1230 legisse,
762 1161 807 1213 sed
826 1161 902 1215 scire

213 1235 270 1289 sese
289 1250 368 1303 atque
384 1232 478 1286 vidisse
497 1231 527 1284 in
544 1232 616 1285 libro
633 1234 759 1287 naturalis
775 1233 899 1288 historiae

212 1308 330 1377 septimo
344 1306 459 1375 scripsit.
474 1306 565 1359 Verba
577 1305 675 1377 igitur,
687 1324 745 1375 quae
759 1306 829 1360 insti
844 1324 901 1376 po·

212 1380 272 1443 sui,
286 1380 371 1448 ipsius
389 1380 449 1433 sunt
468 1395 504 1431 ex
520 1379 590 1433 libro
609 1380 810 1449 sumptasque
829 1398 900 1449 pto·

213 1452 286 1507 ἱεᾶὸ
304 1452 404 1506 faciunt
421 1468 452 1505 ut
472 1469 559 1521 neque
578 1454 740 1521 respuenda,
756 1469 843 1522 neque
861 1455 900 1507 ri·

213 1529 298 1580 denda
313 1528 349 1580 sit
360 1525 504 1580 notissima
519 1526 565 1579 illa
575 1541 698 1579 veterum
709 1541 850 1594 poetarum
863 1530 901 1581 de

214 1599 324 1653 Caenide
342 1602 369 1652 δι
386 1603 485 1653 Canen
505 1600 645 1654 cantilena.
663 1600 703 1650 Ex
713 1599 833 1665 fimint's,
853 1600 900 1653 in·

214 1674 291 1743 quit,
308 1677 440 1729 mutari...
454 1709 461 1726 .
478 1673 616 1743 vivebatque
634 1674 686 1724 etim
702 1676 749 1724 hcc
763 1677 898 1743 proderem.
999 1668 1000 1723 i

213 1748 288 1801 Idem
304 1749 406 1801 Plinius
417 1750 513 1801 'eodem
525 1747 637 1801 inlibro
649 1750 730 1802 verba
742 1749 799 1801 haec
814 1747 899 1816 scrip-

215 1821 252 1875 sit
271 1839 279 1877 t
301 1820 436 1892 Gignuneut
456 1824 561 1872 domines
579 1821 695 1888 utriusque
712 1821 787 1889 fietis
804 1842 814 1882 ‚-
833 1838 897 1887 quoe

213 1896 414 1965 hermaphroditos
430 1914 560 1955 vocamus,
577 1896 636 1947 olim
650 1898 801 1964 androgynos
815 1911 897 1945 voca-

173 2017 176 2020 .
214 1982 256 2018 eos
272 1970 296 2021 ἃ
311 1974 337 2020 ln
352 1974 471 2041 prodigiis
481 1970 593 2033 habitos,
609 1987 671 2019 nunc
685 1970 739 2021 rard
750 1973 776 2019 in
785 1969 895 2026 deliciis.

426 2087 498 2186 llis.
517 2107 581 2168 cap.
600 2104 685 2148 xm.

192 2280 194 2284 ,
217 2289 221 2296 ,
252 2233 411 2287 l'ntutus
426 2234 560 2287 Secundus
573 2233 738 2288 existimatus
754 2234 792 2288 est
805 2234 893 2290 atatis

215 2307 272 2363 suae
282 2305 463 2361 doffissimus.
478 2308 505 2360 ls
520 2307 603 2361 libros
620 2308 746 2377 reliquit,
760 2325 828 2378 quos
839 2309 895 2372 stu·

212 2381 331 2450 diofiarum
342 2381 475 2451 inscripsit
485 2399 493 2443 ;
505 2382 575 2434 haud
587 2382 691 2436 medius
702 2379 781 2435 fidius
795 2382 895 2451 usque-

215 2474 319 2527 quaque
334 2456 520 2528 aspetnandos·
536 2458 570 2511 In
583 2456 617 2509 iis
631 2456 705 2509 libris
720 2458 804 2508 mttlta
817 2454 894 2509 vati‘e

212 2534 248 2590 ad
273 2529 439 2585 obledlandas
463 2530 628 2584 eruditotum
651 2529 792 2583 hominum
815 2545 895 2585 autes

216 2603 295 2673 ponit
320 2622 328 2655 ε
353 2604 432 2655 tesert
455 2603 537 2657 etiam
562 2603 698 2670 plerasque
722 2601 895 2668 sententias,

217 2689 309 2743 quas,
330 2675 358 2728 in
378 2673 542 2729 declinandis
562 2674 777 2739 contovetsiis.
800 2673 896 2749 lepidd,

214 2751 360 2821 arguteque
376 2748 457 2807 didas
472 2760 561 2820 putat.
