2000 3609
230 265 291 306 ιΝ
318 247 506 306 Lraavnr
527 244 575 306 11.
700 257 767 330 449

94 373 123 427 9.
145 355 272 422 Scyrium
290 355 406 421 lapidem.
421 353 494 420 Lapis
516 354 550 403 est
572 369 587 404 e
604 352 684 424 Scyro
698 355 765 405 insu-

55 428 97 492 Ἀ,
117 431 151 479 de
169 446 227 496 quo
253 429 285 481 &
304 428 371 479 insti
401 428 468 477 Libr.
488 426 606 481 xxxvl.
635 428 695 483 seii.
719 429 765 482 26.

57 502 98 552 Ad
124 504 253 570 pumices
279 502 404 566 pertinet.

95 591 137 627 ιο.
164 575 254 625 Omne
280 573 339 622 olco
356 572 513 638 tranquillari.
527 569 606 622 Pauca
618 572 659 623 illa
673 576 766 638 verba,

57 665 123 697 mare
139 650 202 698 oleo
222 646 398 712 tranquillari,
416 645 486 695 ut&
500 645 576 695 multa
597 645 645 695 alia
661 646 765 710 similia,

58 724 168 787 nuperis
186 720 380 787 experimentis
399 718 516 769 illustrata
529 719 631 780 ,miram
646 717 718 768 Plinii
728 721 766 770 di·

58 793 220 860 ligentianr,
253 792 362 859 ejusque
388 792 471 858 operis
492 792 626 841 utilitatem
649 808 767 857 compro-

53 868 132 918 bant.
151 867 199 917 Cl.
212 866 354 916 Francklin
365 867 417 915 haec
437 865 621 930 experimenta,
636 883 650 915 a
668 865 768 916 Batavis

61 939 170 1005 aliisque
192 941 336 1007 gentibus,
350 955 403 1004 quae
423 937 498 988 maria
523 938 629 1008 adeunt,
657 934 768 988 feliciter

61 1024 209 1074 renovata,
223 1012 348 1073 instituit,
359 1010 475 1077 reeleque
486 1011 584 1061 monuit
591 1009 721 1076 plurimum
729 1027 769 1062 er·

62 1101 138 1145 rere,
156 1087 204 1153 qui
229 1087 352 1151 antiquos
369 1083 437 1150 parvi
457 1083 583 1149 pendant,
597 1083 767 1155 &antiquitus

64 1171 127 1209 nota
148 1159 343 1226 perspeiiaque
355 1157 490 1224 negligant.

102 1247 144 1282 ιι.
164 1232 271 1282 Arenae
282 1231 433 1297 flammeorum
448 1229 522 1298 globo
543 1228 633 1281 meet.
654 1228 696 1283 Cl.
715 1228 767 1280 Re·-

67 1320 165 1369 cupero
176 1345 184 1368 ,
203 1308 252 1372 qui
264 1301 451 1372 diligentissime
459 1301 559 1353 AEtnam
569 1303 707 1370 speculatus
716 1303 751 1353 est
756 1340 767 1364 ,

47 1386 51 1389 “
67 1378 224 1430 observavit
244 1395 304 1429 eum
320 1379 449 1444 igneorum
467 1376 584 1429 saxorum
606 1380 685 1428 moles
708 1388 764 1427 tan-

69 1449 95 1499 ti
113 1453 143 1501 vi
161 1452 304 1518 sonituque
321 1452 415 1500 tonitru
431 1450 581 1501 terribiliore
598 1450 690 1501 sursum
704 1468 764 1501 eru·

72 1521 161 1582 stare,
177 1537 210 1574 ut
230 1543 247 1575 a
268 1533 413 1585 momento,
432 1540 484 1590 quo
497 1525 524 1573 in
539 1525 666 1573 maximam
680 1525 766 1573 altitu·

72 1595 159 1646 dinem
180 1598 297 1656 evestae,
314 1598 343 1646 ad
357 1607 533 1653 momentum,
557 1612 606 1660 quo
626 1597 653 1644 in
674 1607 766 1646 terram

71 1668 217 1730 decidunt,
239 1668 408 1719 numeraverit
429 1668 454 1716 in
476 1682 563 1716 eorum
583 1667 700 1716 descensu
729 1682 766 1719 21.

73 1743 171 1793 minuta
193 1741 306 1791 secunda
319 1739 458 1804 temporis,
476 1756 513 1789 ιι.
527 1739 643 1803 fecundes
651 1757 659 1797 ς
672 1738 698 1788 &
709 1739 765 1789 erim

75 1813 155 1880 spatia
179 1816 254 1875 sint,
273 1810 434 1879 ut'quadrata
448 1822 605 1876 temporum,
619 1812 720 1862 evidens
731 1811 766 1864 est

75 1887 165 1954 igneas
189 1888 250 1938 illas
267 1887 346 1936 moles
366 1883 542 1951 percucurrisse
559 1900 649 1949 7,000.
670 1884 696 1934 &
711 1901 765 1934 ern·

77 1961 147 2026 plius
166 1963 259 2027 pedes.
281 1961 310 2010 ln
328 1957 444 2010 Vesuvio
456 1968 615 2006 numerantur
634 1954 726 2006 tantlrm
738 1975 765 2026 9.

78 2037 176 2085 minuta
188 2033 296 2084 secunda
307 2070 314 2093 ‚
333 2050 359 2100 9.
373 2031 505 2096 sicundae,
516 2029 764 2096 quodadhuc1,2oo.

80 2106 208 2173 &paulo
230 2104 333 2172 amplius
357 2105 434 2171 pedes
458 2102 614 2153 demonstrat.
635 2104 700 2157 Vide
722 2103 763 2157 cl.

80 2179 221 2247 Brydone,
242 2179 339 2248 Voyoge
354 2196 381 2228 en
402 2177 493 2240 sicile,
509 2176 613 2227 Tomi.
631 2194 686 2246 pag.
702 2193 763 2245 190.

120 2252 195 2305 Cer.
220 2252 289 2305 clv.
308 2269 329 2303 1.
348 2252 470 2304 Maltiam
486 2265 582 2300 vocant.
606 2252 718 2308 Maltha,
738 2253 765 2300 lo

84 2324 198 2385 Malthe,
219 2323 243 2371 la
260 2325 324 2372 Pois
332 2323 437 2386 fissile3
452 2323 522 2385 cujus
543 2312 680 2389 originem,
694 2334 723 2379 ut
738 2324 765 2373 dt

80 2398 254 2453 bituminum,
270 2411 302 2444 ex
319 2396 415 2443 obrutis
435 2395 646 2458 subterraneoqne
663 2394 720 2460 igne
728 2395 767 2444 in.

84 2471 170 2520 censis
189 2468 257 2517 silvis
276 2462 365 2516 meritd
393 2466 525 2531 repetebat
545 2465 586 2514 el.
611 2464 728 2515 Rouelle.

126 2545 196 2594 Cer.
214 2538 271 2591 CV.
287 2553 306 2591 1.
324 2537 450 2604 Nephele,
465 2536 599 2603 Naphtha,
616 2536 637 2587 lt
653 2536 767 2604 Noplte,

86 2615 202 2666 bitumen
220 2612 270 2674 est,
290 2613 317 2663 u
336 2612 446 2675 ejusdem
467 2610 568 2678 originis
586 2626 615 2659 ae
626 2611 727 2661 maltha.

126 2688 198 2737 Cnr.
214 2684 282 2737 CVl.
304 2703 327 2738 1.
345 2684 441 2740 Sociali
457 2683 529 2734 bello.
547 2684 647 2735 Sociale
670 2685 763 2736 bellum

87 2762 169 2834 ¹eoepit
189 2776 253 2819 anno
271 2759 346 2813 Urbis
366 2758 472 2814 condite
486 2757 549 2832 663.
560 2767 620 2833 ante
641 2756 763 2824 Christum

90 2849 136 2907 9¹·
745 2859 747 2862 ’
