2000 3609
180 255 254 349 248
291 258 343 345 c.
365 258 551 350 Pium
570 259 775 332 Narve..

179 376 309 450 Tanais,
322 375 542 439 ccuxxvmill.
555 378 604 458 qui
615 376 711 438 cursus
724 392 886 460 compen·

103 468 110 482 ·
179 457 237 516 diis
254 459 340 517 maris
362 458 481 518 brevior
506 456 569 517 fieri
592 456 709 538 potest,
728 473 885 526 lxxxix:

178 537 255 599 mill
274 539 323 599 Ab
336 536 412 598 ostio
429 537 534 598 Tanais
550 539 620 597 nihil
635 539 784 599 modicum
798 541 881 601 dili-

129 669 130 672 ,
183 619 342 700 gentissimi
365 617 492 679 auclores
510 617 607 679 secere
629 639 636 677 τ
660 618 878 683 Artemidorus

177 698 320 759 ulteriora
336 701 516 779 incomperta
531 699 719 773 existimavit,
730 702 797 760 curn
811 703 877 762 cir-

182 800 220 839 ca
237 776 359 839 Tanaim
379 778 569 839 Sarmatarum
593 796 696 862 gentes
705 780 812 861 degere
821 781 873 843 sa·

182 875 299 920 teretur.
312 861 349 919 ad
370 858 586 942 septemtriones
605 859 712 921 versas.
732 860 871 924 Isidorus

181 938 288 1018 adiecit
304 940 468 1001 duodecies.
478 960 600 1000 centena
618 940 708 1001 millia
725 943 872 1023 quinqua·

178 1066 182 1079 .
204 1023 279 1096 ‘nta,
304 1021 393 1102 usque
414 1023 452 1082 ad
470 1020 609 1095 Thulen,
624 1043 687 1102 quae
698 1020 868 1103 conjeiiura

180 1040 368 1162 ffivinationis
380 1100 437 1163 esi.
456 1101 521 1184 Ego
540 1123 600 1162 non
621 1103 752 1175 minore,
775 1102 865 1184 quint

179 1183 318 1263 proxime
346 1180 423 1243 dicto
452 1182 544 1263 spatio
574 1180 765 1243 Sarmatarum
788 1182 865 1247 fines

181 1261 263 1322 nosci
285 1261 375 1322 intelli
395 1284 425 1324 ο.
444 1262 629 1344 Etalioquin
650 1262 788 1345 quantum
804 1262 865 1325 esl‘e

182 1342 291 1413 debet,
309 1283 395 1424 quod
401 1344 620 1404 innumerabiles
632 1361 732 1425 gentes
743 1343 866 1413 subinde

175 1420 280 1482 -sedem
301 1439 443 1484 mutantes
461 1425 573 1505 capiat?
591 1425 679 1485 Unde
691 1426 866 1491 ulteriorem

178 1501 344 1564 mensuram
361 1504 554 1565 inhabitabilis
571 1505 663 1586 plagae
673 1548 683 1577 ,
695 1506 789 1567 multi>
804 1504 865 1567 elle

183 1581 326 1664 majorem
335 1585 467 1646 arbitror.
483 1584 562 1645 Nam
572 1583 798 1657 &aGerrnanii
807 1588 866 1653 im·

180 1663 294 1725 mensas
311 1662 413 1726 insulas
424 1681 483 1728 non
492 1666 606 1748 pridem
616 1684 797 1748 compertas,
809 1688 866 1739 coz

181 1747 292 1828 gnitum
316 1745 420 1808 haheo.
479 1774 482 1779 ¹

182 1858 185 1863 ·
222 1824 272 1886 De
293 1825 472 1909 longitudine
490 1827 690 1905 aclatitudine
702 1827 764 1889 haec
781 1826 866 1904 sunt,'

175 1927 248 1988 quae
267 1907 352 1989 digna
368 1926 532 1971 memoratu
546 1927 669 1989 putem:
686 1907 866 1975 Universum

180 2003 280 2047 autem
296 1989 371 2050 hunc
385 1993 535 2052 circuitum
544 1988 747 2051 Eratosthenes
756 1993 786 2050 in
795 2011 865 2057 om·

179 2068 263 2126 nium
284 2069 567 2148 quidemliterarum
585 2068 756 2142 subtilitate,
778 2072 810 2132 δι
831 2073 865 2132 in

182 2145 236 2205 hac
254 2148 352 2227 urique
380 2167 482 2228 praeter
512 2169 627 2211 ceteros
649 2149 755 2221 solers,
772 2171 864 2233 quern

180 2223 289 2285 condis
304 2226 419 2307 probari
440 2229 550 2303 video,
565 2230 758 2293 ducentorum
775 2233 863 2314 quin·

223 2307 318 2388 aginta
336 2306 460 2369 duorum
477 2309 599 2371 millium
615 2310 739 2373 staditm
758 2312 864 2391 prodi-

178 2440 183 2449 .
205 2387 234 2448 't.
249 2385 327 2468 Quae
343 2388 474 2451 mensura
491 2391 626 2452 Romanis
643 2394 863 2472 computatione
930 2450 932 2455 .

177 2465 274 2537 ,efficit
289 2472 444 2533 trecenties
459 2472 626 2554 quindecies
637 2473 865 2539 centenamillia

181 2547 250 2630 paff.
271 2547 440 2632 improbum
453 2551 550 2614 ausum
565 2576 572 2614 ε
589 2554 692 2615 verum
708 2555 747 2612 ita
766 2551 865 2614 subtili

177 2633 426 2711 argumentatione
446 2633 699 2715 comprehensum,
712 2649 744 2693 ut
754 2633 866 2714 pudeat

158 2731 162 2743 ·
183 2730 244 2769 non
263 2712 391 2774 credere.
414 2713 596 2792 Hipparchus
616 2715 647 2778 &
663 2716 691 2773 in
703 2733 866 2794 coarguen-

181 2787 224 2871 do
244 2809 280 2855 co
289 2834 301 2870 ,
318 2792 352 2859 δι
368 2795 399 2857 in
415 2791 526 2877 reliqui
542 2797 624 2875 omni
640 2794 790 2879 diligentia
803 2796 870 2870 uris
