<?xml version="1.0" encoding="UTF-8"?>
<!DOCTYPE html PUBLIC "-//W3C//DTD XHTML 1.0 Transitional//EN"
    "http://www.w3.org/TR/xhtml1/DTD/xhtml1-transitional.dtd">
<html xmlns="http://www.w3.org/1999/xhtml" xml:lang="en" lang="en">
 <head>
  <title>
</title>
<meta http-equiv="Content-Type" content="text/html;charset=utf-8" />
  <meta name='ocr-system' content='tesseract 3.04.00' />
  <meta name='ocr-capabilities' content='ocr_page ocr_carea ocr_par ocr_line ocrx_word'/>
</head>
<body>
  <div class='ocr_page' id='page_1' title='image "./caiipliniisecun00goog_0479.png"; bbox 0 0 2000 3609; ppageno 0'>
   <div class='ocr_carea' id='block_1_1' title="bbox 218 294 784 392">
    <p class='ocr_par' dir='ltr' id='par_1_1' title="bbox 218 294 784 392">
     <span class='ocr_line' id='line_1_1' title="bbox 218 294 784 392; baseline -0.002 -27"><span class='ocrx_word' id='word_1_1' title='bbox 218 295 439 365; x_wconf 70' lang='lat' dir='ltr'>Histoi.</span> <span class='ocrx_word' id='word_1_2' title='bbox 465 295 538 374; x_wconf 81' lang='lat' dir='ltr'>Lib.</span> <span class='ocrx_word' id='word_1_3' title='bbox 560 294 606 365; x_wconf 93' lang='lat' dir='ltr'>V.</span> <span class='ocrx_word' id='word_1_4' title='bbox 705 313 784 392; x_wconf 77' lang='lat'>415·</span> 
     </span>
    </p>
   </div>
   <div class='ocr_carea' id='block_1_2' title="bbox 77 398 778 496">
    <p class='ocr_par' dir='ltr' id='par_1_2' title="bbox 77 398 778 496">
     <span class='ocr_line' id='line_1_2' title="bbox 77 398 778 496; baseline -0.001 -22"><span class='ocrx_word' id='word_1_5' title='bbox 77 412 153 475; x_wconf 87' lang='lat' dir='ltr'>lus:</span> <span class='ocrx_word' id='word_1_6' title='bbox 174 412 331 496; x_wconf 80' lang='lat' dir='ltr'>Meropis,</span> <span class='ocrx_word' id='word_1_7' title='bbox 349 430 381 473; x_wconf 91' lang='lat' dir='ltr'>ut</span> <span class='ocrx_word' id='word_1_8' title='bbox 399 410 583 493; x_wconf 86' lang='lat' dir='ltr'>Dionysius:</span> <span class='ocrx_word' id='word_1_9' title='bbox 598 398 665 473; x_wconf 68' lang='lat' dir='ltr'>ileiu</span> <span class='ocrx_word' id='word_1_10' title='bbox 677 411 778 494; x_wconf 84' lang='lat' dir='ltr'>Nym·</span> 
     </span>
    </p>
   </div>
   <div class='ocr_carea' id='block_1_3' title="bbox 20 491 856 2891">
    <p class='ocr_par' dir='ltr' id='par_1_3' title="bbox 20 491 856 2891">
     <span class='ocr_line' id='line_1_3' title="bbox 79 491 774 577; baseline 0 -23"><span class='ocrx_word' id='word_1_11' title='bbox 79 498 183 577; x_wconf 83' lang='lat' dir='ltr'>phea.</span> <span class='ocrx_word' id='word_1_12' title='bbox 208 494 298 554; x_wconf 89' lang='lat' dir='ltr'>Mons</span> <span class='ocrx_word' id='word_1_13' title='bbox 319 493 359 553; x_wconf 90' lang='lat' dir='ltr'>ibi</span> <span class='ocrx_word' id='word_1_14' title='bbox 379 493 489 553; x_wconf 86' lang='lat' dir='ltr'>Prion:</span> <span class='ocrx_word' id='word_1_15' title='bbox 509 493 542 554; x_wconf 87' lang='lat'><strong>&amp;</strong></span> <span class='ocrx_word' id='word_1_16' title='bbox 568 491 696 571; x_wconf 86' lang='lat' dir='ltr'>Nisyron</span> <span class='ocrx_word' id='word_1_17' title='bbox 723 494 774 553; x_wconf 91' lang='lat' dir='ltr'>ab·</span> 
     </span>
     <span class='ocr_line' id='line_1_4' title="bbox 78 571 777 656; baseline 0 -21"><span class='ocrx_word' id='word_1_18' title='bbox 78 594 213 656; x_wconf 88' lang='lat' dir='ltr'>ruptam</span> <span class='ocrx_word' id='word_1_19' title='bbox 230 576 271 635; x_wconf 91' lang='lat' dir='ltr'>illi</span> <span class='ocrx_word' id='word_1_20' title='bbox 316 591 416 641; x_wconf 85' lang='lat' dir='ltr'>urant,</span> <span class='ocrx_word' id='word_1_21' title='bbox 434 593 498 653; x_wconf 85' lang='lat' dir='ltr'>quae</span> <span class='ocrx_word' id='word_1_22' title='bbox 518 571 676 653; x_wconf 86' lang='lat' dir='ltr'>Porphyris</span> <span class='ocrx_word' id='word_1_23' title='bbox 693 593 777 634; x_wconf 80' lang='lat' dir='ltr'>antea</span> 
     </span>
     <span class='ocr_line' id='line_1_5' title="bbox 78 651 777 735; baseline 0.001 -21"><span class='ocrx_word' id='word_1_24' title='bbox 78 656 169 715; x_wconf 75' lang='lat' dir='ltr'>ditia</span> <span class='ocrx_word' id='word_1_25' title='bbox 205 654 255 716; x_wconf 83' lang='lat' dir='ltr'>est.</span> <span class='ocrx_word' id='word_1_26' title='bbox 308 658 352 714; x_wconf 88' lang='lat' dir='ltr'>inc</span> <span class='ocrx_word' id='word_1_27' title='bbox 382 651 538 734; x_wconf 88' lang='lat' dir='ltr'>Caryanda</span> <span class='ocrx_word' id='word_1_28' title='bbox 558 673 626 711; x_wconf 91' lang='lat' dir='ltr'>cum</span> <span class='ocrx_word' id='word_1_29' title='bbox 654 655 777 735; x_wconf 85' lang='lat' dir='ltr'>oppido.</span> 
     </span>
     <span class='ocr_line' id='line_1_6' title="bbox 76 730 774 816; baseline -0.003 -20"><span class='ocrx_word' id='word_1_30' title='bbox 76 734 112 796; x_wconf 88' lang='lat' dir='ltr'><strong>N</strong></span> <span class='ocrx_word' id='word_1_31' title='bbox 115 757 154 796; x_wconf 93' lang='lat' dir='ltr'>ec</span> <span class='ocrx_word' id='word_1_32' title='bbox 167 737 273 816; x_wconf 87' lang='lat' dir='ltr'>procul</span> <span class='ocrx_word' id='word_1_33' title='bbox 284 735 320 794; x_wconf 87' lang='lat' dir='ltr'>ab</span> <span class='ocrx_word' id='word_1_34' title='bbox 330 733 525 795; x_wconf 74' lang='lat' dir='ltr'>Halicarnasso</span> <span class='ocrx_word' id='word_1_35' title='bbox 535 730 662 794; x_wconf 88' lang='lat' dir='ltr'>Pidosus.</span> <span class='ocrx_word' id='word_1_36' title='bbox 671 733 704 793; x_wconf 90' lang='lat' dir='ltr'>ln</span> <span class='ocrx_word' id='word_1_37' title='bbox 715 732 774 795; x_wconf 86' lang='lat' dir='ltr'>Ce-</span> 
     </span>
     <span class='ocr_line' id='line_1_7' title="bbox 82 812 778 895; baseline -0.004 -19"><span class='ocrx_word' id='word_1_38' title='bbox 82 820 211 876; x_wconf 85' lang='lat' dir='ltr'>ramico</span> <span class='ocrx_word' id='word_1_39' title='bbox 230 832 326 875; x_wconf 89' lang='lat' dir='ltr'>autem</span> <span class='ocrx_word' id='word_1_40' title='bbox 345 818 407 875; x_wconf 91' lang='lat' dir='ltr'>sinu</span> <span class='ocrx_word' id='word_1_41' title='bbox 422 812 631 895; x_wconf 87' lang='lat' dir='ltr'>Priaponesos,</span> <span class='ocrx_word' id='word_1_42' title='bbox 644 813 778 895; x_wconf 88' lang='lat' dir='ltr'>Hippon·</span> 
     </span>
     <span class='ocr_line' id='line_1_8' title="bbox 24 887 777 976; baseline -0.004 -20"><span class='ocrx_word' id='word_1_43' title='bbox 24 963 27 968; x_wconf 21' lang='lat'><strong>¹</strong></span> <span class='ocrx_word' id='word_1_44' title='bbox 78 896 202 971; x_wconf 77' lang='lat' dir='ltr'>mesos,</span> <span class='ocrx_word' id='word_1_45' title='bbox 219 896 256 957; x_wconf 93' lang='lat' dir='ltr'>Ps</span> <span class='ocrx_word' id='word_1_46' title='bbox 276 917 324 967; x_wconf 90' lang='lat' dir='ltr'>ra,</span> <span class='ocrx_word' id='word_1_47' title='bbox 343 894 520 976; x_wconf 85' lang='lat' dir='ltr'>Mya,Lam</span> <span class='ocrx_word' id='word_1_48' title='bbox 544 892 589 965; x_wconf 88' lang='lat' dir='ltr'>sa,</span> <span class='ocrx_word' id='word_1_49' title='bbox 608 887 678 954; x_wconf 83' lang='lat' dir='ltr'>AEm</span> <span class='ocrx_word' id='word_1_50' title='bbox 703 894 777 954; x_wconf 85' lang='lat' dir='ltr'>udus</span> 
     </span>
     <span class='ocr_line' id='line_1_9' title="bbox 80 917 856 1056; baseline -0.006 -19"><span class='ocrx_word' id='word_1_51' title='bbox 80 976 223 1050; x_wconf 81' lang='lat' dir='ltr'>Passala,</span> <span class='ocrx_word' id='word_1_52' title='bbox 285 975 346 1048; x_wconf 90' lang='lat' dir='ltr'>usa,</span> <span class='ocrx_word' id='word_1_53' title='bbox 361 975 492 1056; x_wconf 87' lang='lat' dir='ltr'>Pyrrhe,</span> <span class='ocrx_word' id='word_1_54' title='bbox 512 917 660 1055; x_wconf 64' lang='lat' dir='ltr'>septulia,</span> <span class='ocrx_word' id='word_1_55' title='bbox 713 975 775 1035; x_wconf 91' lang='lat' dir='ltr'>ela·</span> <span class='ocrx_word' id='word_1_56' title='bbox 850 1023 856 1048; x_wconf 68' lang='lat'>,</span> 
     </span>
     <span class='ocr_line' id='line_1_10' title="bbox 81 1054 776 1139; baseline 0 -23"><span class='ocrx_word' id='word_1_57' title='bbox 81 1078 127 1118; x_wconf 87' lang='lat' dir='ltr'>no</span> <span class='ocrx_word' id='word_1_58' title='bbox 142 1079 151 1118; x_wconf 75' lang='grc' dir='ltr'><strong><em>ε</em></strong></span> <span class='ocrx_word' id='word_1_59' title='bbox 172 1057 351 1139; x_wconf 87' lang='lat' dir='ltr'>paulumque</span> <span class='ocrx_word' id='word_1_60' title='bbox 362 1078 378 1116; x_wconf 90' lang='lat' dir='ltr'>a</span> <span class='ocrx_word' id='word_1_61' title='bbox 388 1058 556 1116; x_wconf 83' lang='lat' dir='ltr'>continente</span> <span class='ocrx_word' id='word_1_62' title='bbox 574 1054 696 1129; x_wconf 85' lang='lat' dir='ltr'>distans,</span> <span class='ocrx_word' id='word_1_63' title='bbox 711 1076 776 1136; x_wconf 82' lang='lat' dir='ltr'>quae</span> 
     </span>
     <span class='ocr_line' id='line_1_11' title="bbox 20 1134 778 1217; baseline -0.001 -19"><span class='ocrx_word' id='word_1_64' title='bbox 20 1205 22 1212; x_wconf 32' lang='lat'><strong>¹</strong></span> <span class='ocrx_word' id='word_1_65' title='bbox 79 1157 201 1199; x_wconf 81' lang='lat' dir='ltr'>vocata</span> <span class='ocrx_word' id='word_1_66' title='bbox 219 1135 259 1197; x_wconf 89' lang='lat' dir='ltr'>esl</span> <span class='ocrx_word' id='word_1_67' title='bbox 277 1134 492 1217; x_wconf 75' lang='lat' dir='ltr'>Cinaedopolis,</span> <span class='ocrx_word' id='word_1_68' title='bbox 510 1136 659 1217; x_wconf 80' lang='lat' dir='ltr'>probrosis</span> <span class='ocrx_word' id='word_1_69' title='bbox 675 1137 715 1198; x_wconf 90' lang='lat' dir='ltr'>ibi</span> <span class='ocrx_word' id='word_1_70' title='bbox 733 1157 778 1197; x_wconf 92' lang='lat' dir='ltr'>re·</span> 
     </span>
     <span class='ocr_line' id='line_1_12' title="bbox 87 1216 501 1279; baseline -0.005 -1"><span class='ocrx_word' id='word_1_71' title='bbox 87 1218 179 1279; x_wconf 66' lang='lat' dir='ltr'>litiis</span> <span class='ocrx_word' id='word_1_72' title='bbox 196 1240 215 1277; x_wconf 88' lang='lat' dir='ltr'>a</span> <span class='ocrx_word' id='word_1_73' title='bbox 233 1239 264 1277; x_wconf 91' lang='lat' dir='ltr'>re</span> <span class='ocrx_word' id='word_1_74' title='bbox 286 1238 301 1277; x_wconf 88' lang='lat' dir='ltr'>e</span> <span class='ocrx_word' id='word_1_75' title='bbox 325 1216 501 1278; x_wconf 79' lang='lat' dir='ltr'>Alexandro.</span> 
     </span>
     <span class='ocr_line' id='line_1_13' title="bbox 87 1238 824 1380; baseline -0.004 -21"><span class='ocrx_word' id='word_1_76' title='bbox 87 1329 91 1336; x_wconf 94' lang='lat'>·</span> <span class='ocrx_word' id='word_1_77' title='bbox 125 1238 291 1359; x_wconf 77' lang='lat' dir='ltr'>xxxvls.</span> <span class='ocrx_word' id='word_1_78' title='bbox 310 1297 400 1357; x_wconf 83' lang='lat' dir='ltr'>suniae</span> <span class='ocrx_word' id='word_1_79' title='bbox 420 1319 470 1359; x_wconf 88' lang='lat' dir='ltr'>ora</span> <span class='ocrx_word' id='word_1_80' title='bbox 488 1296 625 1379; x_wconf 83' lang='lat' dir='ltr'>Tragias,</span> <span class='ocrx_word' id='word_1_81' title='bbox 648 1298 679 1359; x_wconf 90' lang='lat'>&amp;</span> <span class='ocrx_word' id='word_1_82' title='bbox 699 1294 775 1358; x_wconf 84' lang='lat' dir='ltr'>Cor·</span> <span class='ocrx_word' id='word_1_83' title='bbox 822 1375 824 1380; x_wconf 9' lang='lat' dir='ltr'>y</span> 
     </span>
     <span class='ocr_line' id='line_1_14' title="bbox 79 1376 770 1461; baseline 0.001 -24"><span class='ocrx_word' id='word_1_84' title='bbox 79 1376 149 1439; x_wconf 82' lang='lat' dir='ltr'>seas</span> <span class='ocrx_word' id='word_1_85' title='bbox 173 1380 284 1451; x_wconf 88' lang='lat' dir='ltr'>habet,</span> <span class='ocrx_word' id='word_1_86' title='bbox 301 1380 333 1439; x_wconf 85' lang='lat'>&amp;</span> <span class='ocrx_word' id='word_1_87' title='bbox 344 1376 464 1450; x_wconf 87' lang='lat' dir='ltr'>Icaron,</span> <span class='ocrx_word' id='word_1_88' title='bbox 477 1378 514 1438; x_wconf 90' lang='lat' dir='ltr'>de</span> <span class='ocrx_word' id='word_1_89' title='bbox 527 1378 583 1461; x_wconf 67' lang='lat' dir='ltr'>qus</span> <span class='ocrx_word' id='word_1_90' title='bbox 593 1377 697 1439; x_wconf 73' lang='lat' dir='ltr'>dissum</span> <span class='ocrx_word' id='word_1_91' title='bbox 709 1377 770 1439; x_wconf 89' lang='lat' dir='ltr'>est:</span> 
     </span>
     <span class='ocr_line' id='line_1_15' title="bbox 80 1457 774 1541; baseline 0.003 -23"><span class='ocrx_word' id='word_1_92' title='bbox 80 1457 212 1531; x_wconf 86' lang='lat' dir='ltr'>Laden,</span> <span class='ocrx_word' id='word_1_93' title='bbox 233 1480 297 1541; x_wconf 83' lang='lat' dir='ltr'>quae</span> <span class='ocrx_word' id='word_1_94' title='bbox 317 1461 395 1540; x_wconf 83' lang='lat' dir='ltr'>prius</span> <span class='ocrx_word' id='word_1_95' title='bbox 415 1459 485 1520; x_wconf 89' lang='lat' dir='ltr'>Late</span> <span class='ocrx_word' id='word_1_96' title='bbox 503 1461 674 1521; x_wconf 88' lang='lat' dir='ltr'>vocabatur:</span> <span class='ocrx_word' id='word_1_97' title='bbox 686 1477 774 1541; x_wconf 86' lang='lat' dir='ltr'>atque</span> 
     </span>
     <span class='ocr_line' id='line_1_16' title="bbox 79 1538 776 1681; baseline -0.001 -2"><span class='ocrx_word' id='word_1_98' title='bbox 79 1539 340 1681; x_wconf 56' lang='lat' dir='ltr'>artatis</span> <span class='ocrx_word' id='word_1_99' title='bbox 363 1540 491 1680; x_wconf 70' lang='lat' dir='ltr'>raa</span> <span class='ocrx_word' id='word_1_100' title='bbox 510 1542 591 1681; x_wconf 62' lang='lat' dir='ltr'>dn</span> <span class='ocrx_word' id='word_1_101' title='bbox 608 1538 776 1601; x_wconf 69' lang='lat'><em>0</em></span> 
     </span>
     <span class='ocr_line' id='line_1_17' title="bbox 341 1637 774 1691; baseline -0.005 -11"><span class='ocrx_word' id='word_1_102' title='bbox 341 1642 353 1680; x_wconf 78' lang='lat' dir='ltr'>a</span> <span class='ocrx_word' id='word_1_103' title='bbox 502 1663 511 1691; x_wconf 97' lang='lat'>,</span> <span class='ocrx_word' id='word_1_104' title='bbox 632 1644 641 1679; x_wconf 83' lang='lat'>1</span> <span class='ocrx_word' id='word_1_105' title='bbox 765 1637 774 1678; x_wconf 79' lang='lat' dir='ltr'>a</span> 
     </span>
     <span class='ocr_line' id='line_1_18' title="bbox 81 1640 776 1784; baseline -0.006 -23"><span class='ocrx_word' id='word_1_106' title='bbox 81 1698 212 1773; x_wconf 89' lang='lat' dir='ltr'>Psilon,</span> <span class='ocrx_word' id='word_1_107' title='bbox 228 1700 388 1784; x_wconf 83' lang='lat' dir='ltr'>Argennon</span> <span class='ocrx_word' id='word_1_108' title='bbox 399 1641 422 1771; x_wconf 77' lang='lat' dir='ltr'>‚y</span> <span class='ocrx_word' id='word_1_109' title='bbox 421 1698 576 1758; x_wconf 88' lang='lat' dir='ltr'>Sandalion</span> <span class='ocrx_word' id='word_1_110' title='bbox 588 1640 722 1760; x_wconf 67' lang='lat' dir='ltr'>:gSamort</span> <span class='ocrx_word' id='word_1_111' title='bbox 740 1698 776 1757; x_wconf 87' lang='lat' dir='ltr'>li·</span> 
     </span>
     <span class='ocr_line' id='line_1_19' title="bbox 80 1778 776 1861; baseline -0.001 -21"><span class='ocrx_word' id='word_1_112' title='bbox 80 1779 194 1842; x_wconf 85' lang='lat' dir='ltr'>beram</span> <span class='ocrx_word' id='word_1_113' title='bbox 203 1825 213 1855; x_wconf 93' lang='lat'>,</span> <span class='ocrx_word' id='word_1_114' title='bbox 221 1783 339 1843; x_wconf 88' lang='lat' dir='ltr'>circuitu</span> <span class='ocrx_word' id='word_1_115' title='bbox 350 1796 500 1840; x_wconf 79' lang='lat' dir='ltr'>Lxxxvu.</span> <span class='ocrx_word' id='word_1_116' title='bbox 514 1779 586 1840; x_wconf 88' lang='lat' dir='ltr'>mill.</span> <span class='ocrx_word' id='word_1_117' title='bbox 596 1778 700 1861; x_wconf 66' lang='lat' dir='ltr'>upass.</span> <span class='ocrx_word' id='word_1_118' title='bbox 711 1795 776 1853; x_wconf 88' lang='lat' dir='ltr'>aut,</span> 
     </span>
     <span class='ocr_line' id='line_1_20' title="bbox 82 1857 774 1933; baseline -0.004 -12"><span class='ocrx_word' id='word_1_119' title='bbox 82 1880 117 1922; x_wconf 90' lang='lat' dir='ltr'>ut</span> <span class='ocrx_word' id='word_1_120' title='bbox 128 1862 409 1933; x_wconf 86' lang='lat' dir='ltr'>Isidorus,centum</span> <span class='ocrx_word' id='word_1_121' title='bbox 421 1859 492 1918; x_wconf 90' lang='lat' dir='ltr'>mill.</span> <span class='ocrx_word' id='word_1_122' title='bbox 526 1857 572 1919; x_wconf 82' lang='lat' dir='ltr'>ass.</span> <span class='ocrx_word' id='word_1_123' title='bbox 591 1858 774 1920; x_wconf 77' lang='lat' dir='ltr'>Partheniana</span> 
     </span>
     <span class='ocr_line' id='line_1_21' title="bbox 82 1882 773 2024; baseline 0 -23"><span class='ocrx_word' id='word_1_124' title='bbox 82 1945 220 2024; x_wconf 77' lang='lat' dir='ltr'>primum</span> <span class='ocrx_word' id='word_1_125' title='bbox 251 1943 424 2023; x_wconf 84' lang='lat' dir='ltr'>appellatam</span> <span class='ocrx_word' id='word_1_126' title='bbox 449 1882 620 2000; x_wconf 83' lang='lat' dir='ltr'>Arilloteles</span> <span class='ocrx_word' id='word_1_127' title='bbox 655 1940 773 2001; x_wconf 86' lang='lat' dir='ltr'>tradit:</span> 
     </span>
     <span class='ocr_line' id='line_1_22' title="bbox 85 2018 776 2103; baseline -0.004 -18"><span class='ocrx_word' id='word_1_128' title='bbox 85 2023 208 2103; x_wconf 58' lang='lat' dir='ltr'>postea¹</span> <span class='ocrx_word' id='word_1_129' title='bbox 223 2020 396 2103; x_wconf 87' lang='lat' dir='ltr'>Dryusam,</span> <span class='ocrx_word' id='word_1_130' title='bbox 422 2020 528 2080; x_wconf 90' lang='lat' dir='ltr'>deinde</span> <span class='ocrx_word' id='word_1_131' title='bbox 553 2018 776 2083; x_wconf 85' lang='lat' dir='ltr'>Anthemusam.</span> 
     </span>
     <span class='ocr_line' id='line_1_23' title="bbox 84 2100 773 2183; baseline -0.001 -19"><span class='ocrx_word' id='word_1_132' title='bbox 84 2103 281 2165; x_wconf 88' lang='lat' dir='ltr'>Aristocritus</span> <span class='ocrx_word' id='word_1_133' title='bbox 305 2103 403 2181; x_wconf 78' lang='lat' dir='ltr'>adjicit</span> <span class='ocrx_word' id='word_1_134' title='bbox 420 2100 685 2183; x_wconf 88' lang='lat' dir='ltr'>Melamphyllum,</span> <span class='ocrx_word' id='word_1_135' title='bbox 704 2102 773 2164; x_wconf 90' lang='lat' dir='ltr'>dein</span> 
     </span>
     <span class='ocr_line' id='line_1_24' title="bbox 85 2181 776 2268; baseline 0.001 -25"><span class='ocrx_word' id='word_1_136' title='bbox 85 2182 293 2268; x_wconf 86' lang='lat' dir='ltr'>Cyparissiam</span> <span class='ocrx_word' id='word_1_137' title='bbox 305 2207 312 2246; x_wconf 91' lang='lat'><strong>:</strong></span> <span class='ocrx_word' id='word_1_138' title='bbox 328 2187 374 2245; x_wconf 91' lang='lat' dir='ltr'>alii</span> <span class='ocrx_word' id='word_1_139' title='bbox 383 2181 645 2254; x_wconf 87' lang='lat' dir='ltr'>Parthenoarusam,</span> <span class='ocrx_word' id='word_1_140' title='bbox 656 2181 776 2265; x_wconf 83' lang='lat' dir='ltr'>Stepha-</span> 
     </span>
     <span class='ocr_line' id='line_1_25' title="bbox 85 2263 774 2337; baseline 0.003 -15"><span class='ocrx_word' id='word_1_141' title='bbox 85 2286 160 2327; x_wconf 85' lang='lat' dir='ltr'>nen.</span> <span class='ocrx_word' id='word_1_142' title='bbox 183 2265 296 2325; x_wconf 85' lang='lat' dir='ltr'>Amnes</span> <span class='ocrx_word' id='word_1_143' title='bbox 313 2268 343 2326; x_wconf 89' lang='lat' dir='ltr'>in</span> <span class='ocrx_word' id='word_1_144' title='bbox 365 2267 417 2337; x_wconf 73' lang='lat' dir='ltr'>ei,</span> <span class='ocrx_word' id='word_1_145' title='bbox 443 2263 602 2334; x_wconf 86' lang='lat' dir='ltr'>Imbrasus,</span> <span class='ocrx_word' id='word_1_146' title='bbox 629 2264 774 2337; x_wconf 86' lang='lat' dir='ltr'>Chesius,</span> 
     </span>
     <span class='ocr_line' id='line_1_26' title="bbox 85 2342 852 2424; baseline 0 -20"><span class='ocrx_word' id='word_1_147' title='bbox 85 2344 213 2408; x_wconf 89' lang='lat' dir='ltr'>lbettes.</span> <span class='ocrx_word' id='word_1_148' title='bbox 241 2343 350 2404; x_wconf 87' lang='lat' dir='ltr'>Fontes</span> <span class='ocrx_word' id='word_1_149' title='bbox 365 2367 379 2406; x_wconf 77' lang='lat' dir='ltr'>-t</span> <span class='ocrx_word' id='word_1_150' title='bbox 405 2342 568 2423; x_wconf 87' lang='lat' dir='ltr'>Gigartho,</span> <span class='ocrx_word' id='word_1_151' title='bbox 592 2345 771 2406; x_wconf 82' lang='lat' dir='ltr'>Leucothea.</span> <span class='ocrx_word' id='word_1_152' title='bbox 850 2419 852 2424; x_wconf 9' lang='grc' dir='ltr'><em>Α</em></span> 
     </span>
     <span class='ocr_line' id='line_1_27' title="bbox 88 2420 774 2515; baseline -0.007 -27"><span class='ocrx_word' id='word_1_153' title='bbox 88 2425 187 2488; x_wconf 88' lang='lat' dir='ltr'>Mons</span> <span class='ocrx_word' id='word_1_154' title='bbox 205 2420 367 2483; x_wconf 88' lang='lat' dir='ltr'>Cercetius.</span> <span class='ocrx_word' id='word_1_155' title='bbox 382 2420 527 2515; x_wconf 63' lang='lat' dir='ltr'>A&#39;djafent</span> <span class='ocrx_word' id='word_1_156' title='bbox 544 2422 662 2497; x_wconf 71' lang='lat' dir='ltr'>insula,</span> <span class='ocrx_word' id='word_1_157' title='bbox 681 2424 774 2503; x_wconf 88' lang='lat' dir='ltr'>Rhy-</span> 
     </span>
     <span class='ocr_line' id='line_1_28' title="bbox 87 2499 773 2646; baseline -0.004 0"><span class='ocrx_word' id='word_1_158' title='bbox 87 2499 551 2646; x_wconf 45' lang='lat' dir='ltr'>par‘lslslslsslslel&#39;hrAsllaisitease</span> <span class='ocrx_word' id='word_1_159' title='bbox 572 2580 609 2641; x_wconf 86' lang='lat' dir='ltr'>ab</span> <span class='ocrx_word' id='word_1_160' title='bbox 624 2579 664 2641; x_wconf 70' lang='lat' dir='ltr'>&#39;ei</span> <span class='ocrx_word' id='word_1_161' title='bbox 687 2579 773 2644; x_wconf 76' lang='lat' dir='ltr'>dissat</span> 
     </span>
     <span class='ocr_line' id='line_1_29' title="bbox 91 2660 773 2746; baseline -0.006 -21"><span class='ocrx_word' id='word_1_162' title='bbox 91 2683 190 2727; x_wconf 77' lang='lat' dir='ltr'>xciv.</span> <span class='ocrx_word' id='word_1_163' title='bbox 204 2683 241 2726; x_wconf 80' lang='grc' dir='ltr'>Μ.</span> <span class='ocrx_word' id='word_1_164' title='bbox 262 2662 404 2746; x_wconf 82' lang='lat' dir='ltr'>passuum,</span> <span class='ocrx_word' id='word_1_165' title='bbox 421 2684 494 2726; x_wconf 21' lang='lat' dir='ltr'>cum,</span> <span class='ocrx_word' id='word_1_166' title='bbox 505 2661 618 2744; x_wconf 89' lang='lat' dir='ltr'>oppido</span> <span class='ocrx_word' id='word_1_167' title='bbox 632 2660 723 2723; x_wconf 84' lang='lat' dir='ltr'>Chios</span> <span class='ocrx_word' id='word_1_168' title='bbox 736 2663 773 2722; x_wconf 81' lang='lat' dir='ltr'>li·</span> 
     </span>
     <span class='ocr_line' id='line_1_30' title="bbox 90 2742 773 2888; baseline 0.001 -81"><span class='ocrx_word' id='word_1_169' title='bbox 90 2745 185 2821; x_wconf 88' lang='lat' dir='ltr'>bera,</span> <span class='ocrx_word' id='word_1_170' title='bbox 206 2765 294 2830; x_wconf 88' lang='lat' dir='ltr'>quam</span> <span class='ocrx_word' id='word_1_171' title='bbox 306 2745 460 2809; x_wconf 84' lang='lat' dir='ltr'>AEthaliam</span> <span class='ocrx_word' id='word_1_172' title='bbox 469 2743 603 2888; x_wconf 71' lang='lat' dir='ltr'>Ephoruss&#39;</span> <span class='ocrx_word' id='word_1_173' title='bbox 616 2742 773 2839; x_wconf 86' lang='lat' dir='ltr'>priscono·</span> 
     </span>
     <span class='ocr_line' id='line_1_31' title="bbox 294 2846 648 2891; baseline 0.011 -4"><span class='ocrx_word' id='word_1_174' title='bbox 294 2870 297 2874; x_wconf 39' lang='grc' dir='ltr'><em>ν</em></span> <span class='ocrx_word' id='word_1_175' title='bbox 617 2846 648 2891; x_wconf 72' lang='lat' dir='ltr'>W</span> 
     </span>
    </p>
   </div>
   <div class='ocr_carea' id='block_1_4' title="bbox 0 0 1016 3609">
    <p class='ocr_par' dir='ltr' id='par_1_4' title="bbox 0 0 1016 3609">
     <span class='ocr_line' id='line_1_32' title="bbox 0 0 1016 3609; baseline 0 0"><span class='ocrx_word' id='word_1_176' title='bbox 0 0 1016 3609; x_wconf 95' lang='lat' dir='ltr'> </span> 
     </span>
    </p>
   </div>
  </div>
 </body>
</html>
