2000 3609
223 233 284 297 x'xx
331 233 779 298 TESTIMONIA.

224 344 334 410 oppleta
356 343 527 404 surrexerat,
549 357 579 395 ut
602 342 626 395 si
647 341 756 412 longior
777 338 913 396 cubiculo

222 431 301 467 mora
315 413 395 479 esset,
412 415 501 468 exitus
517 430 665 485 negaretur.
682 414 817 468 Excitatus
834 418 910 485 p'ro·

130 508 133 516 ·
224 489 322 553 cedit,
347 489 426 557 seque
451 489 663 558 Pomponiano,
682 488 829 557 ceterisque
854 488 911 558 qui

224 561 431 633 pervigilarant‚
442 564 535 614 reddit.
543 563 573 614 lu
582 577 726 615 commuue
735 563 910 628 consultant,

226 633 297 688 intra
313 635 415 688 teciane
434 635 588 697 subsistant.
605 652 639 688 an
651 635 681 688 in
695 649 788 702 aperto
801 652 911 705 vagen-

224 723 289 768 tur;
306 725 369 761 nam
388 707 484 762 crebris
503 704 635 778 vastisque
654 707 815 761 tremoribus
833 709 911 762 testa

226 783 371 845 nutabant,
387 784 413 835 δι
430 781 500 851 quasi
516 796 606 834 emota
620 782 723 833 sedibus
738 780 810 840 suis,
832 798 911 836 nunc

226 855 298 918 huc,
315 870 384 907 nunc
401 854 465 907 illuc
482 855 552 907 abire
569 869 614 908 aut
628 854 720 908 referti
734 854 910 909 videbantur.

227 925 282 981 Sub
294 928 340 981 dio
348 929 436 980 rursus
446 966 453 990 ,
466 945 626 996 quamquam
636 927 740 980 levium
750 929 911 981 exesorum·

227 1015 280 1071 que
294 1001 430 1070 pumicum
443 1001 517 1054 casus
530 1000 712 1063 metuebatur,
727 1003 800 1069 quod
815 1017 911 1055 tamen

227 1077 359 1129 malorum
378 1074 488 1129 collatio
505 1074 587 1145 elegit
597 1092 608 1135 ;
620 1074 648 1125 δι
663 1076 734 1141 apud
750 1074 826 1127 illum
842 1075 911 1143 qui·

227 1150 290 1201 dem
304 1149 373 1201 tatio
390 1148 541 1211 rationem,
558 1148 629 1216 apud
640 1146 711 1200 alios
726 1146 851 1200 timorem
870 1148 911 1202 ti·

227 1236 290 1273 mor
304 1219 382 1273 vicit.
400 1218 549 1273 Cervicalia
562 1219 693 1288 capitibus
709 1219 836 1289 imposita
851 1222 911 1274 lin-

229 1292 280 1347 teis
299 1291 490 1362 constringunt.
510 1294 541 1345 ld
563 1291 759 1346 munimentum
778 1290 911 1350 adversius

227 1365 372 1419 incidentia
388 1366 449 1418 fuit.
464 1366 524 1419 Jam
539 1365 595 1418 dies
611 1365 692 1429 alibi,
708 1365 766 1419 illic
777 1383 833 1420 nox
845 1384 913 1421 orn·

228 1438 307 1491 nibru
321 1438 423 1509 nigrior
437 1438 618 1507 densiorquet
634 1456 714 1508 quam
731 1454 820 1492 tamen
833 1441 911 1496 faces

228 1515 321 1566 multae
348 1511 475 1580 variaque
498 1512 602 1566 lumina
628 1513 777 1566 solvebant.
803 1513 911 1568 Placuit

125 1633 127 1636 ,
229 1585 319 1655 egredi
335 1584 365 1637 iu
382 1584 463 1651 litus,
481 1585 509 1638 bc
524 1602 560 1638 ex
576 1585 705 1655 proximo
719 1585 850 1653 adspicere
861 1604 912 1641 ec·

230 1658 294 1730 quid
309 1658 364 1727 jam
379 1675 450 1711 mare
467 1659 635 1722 admitterer,
651 1660 724 1727 quod
741 1660 824 1712 adhuc
842 1663 912 1715 vas·

229 1746 287 1784 tum
303 1733 487 1786 &adversum
507 1732 685 1801 permanebat.
706 1732 746 1784 lbi
766 1732 844 1801 supet
859 1735 909 1788 ab·

229 1804 327 1872 iccium
344 1805 456 1859 linteum
471 1808 597 1859 recubans
613 1804 695 1868 sedit,
712 1818 791 1873 atque
808 1806 910 1861 iterum

230 1879 355 1950 stigidam
374 1879 519 1950 poposcit,
537 1879 692 1948 hausitque.'
706 1878 813 1931 Deinde
831 1878 910 1933 flam·

230 1970 282 2006 mae
292 1990 300 2016 ‚
310 1953 529 2022 flammarumque
542 1952 706 2022 praenuntius
718 1953 786 2005 odor
799 1954 911 2022 sulphu-

226 2025 286 2089 ris,
300 2025 368 2082 alios
384 2025 414 2078 in
429 2027 518 2094 sugam
534 2040 663 2079 vertunt:
679 2024 910 2092 excitantium,
943 2093 947 2096 ,

231 2098 279 2166 qui
292 2098 401 2150 innixus
415 2097 500 2151 servis
515 2100 617 2150 duobus
632 2095 770 2151 affurrexit
784 2100 811 2151 ἃ
820 2099 910 2154 statim

232 2170 351 2223 concidit
367 2170 415 2233 (ut
427 2186 479 2239 ego
492 2169 636 2240 conjesto)
649 2171 779 2224 crassiore
792 2173 910 2242 caligine

230 2242 327 2311 spiritu
336 2242 485 2306 obſtruso,
497 2244 639 2312 clausoque
648 2243 800 2311 stomacho,
811 2246 857 2314 qui
866 2247 910 2301 illi

230 2314 326 2369 naturd
340 2314 496 2379 invalidus,
515 2316 541 2369 ἃ
558 2315 698 2386 augustus,
715 2318 742 2370 δι
756 2319 911 2388 frequenter

223 2388 412 2445 ‘iuteraestuaus
430 2404 497 2443 erat.
510 2388 565 2444 Ubi
573 2390 629 2444 dies
641 2389 758 2445 redditus
767 2392 806 2459 (is
815 2393 847 2446 ab
857 2409 910 2459 eo,

231 2480 313 2534 quem
327 2460 478 2518 nouissime
491 2465 612 2529 viderat,
627 2464 740 2531 tertius)
755 2481 853 2533 corpus
864 2465 911 2519 in·

231 2554 344 2591 ventum
363 2536 516 2608 integrum,
533 2538 663 2602 illaesum,
683 2552 860 2608 opertumque
877 2554 911 2594 ut

230 2612 317 2665 fuerat
334 2610 452 2663 indutus.
472 2612 586 2663 Habitus
604 2611 726 2677 corporis
743 2611 911 2679 quiescenti,

230 2683 312 2751 quim
327 2681 450 2736 defensio
462 2720 469 2745 ,
479 2682 605 2738 similior,
619 2682 729 2736 interim
742 2685 843 2737 Miseni
856 2703 911 2757 ego

230 2757 261 2807 δι
270 2772 363 2809 mater.
376 2756 427 2808 Sed
438 2754 505 2807 nihil
514 2758 546 2809 ad
556 2752 700 2809 historiam.
715 2758 771 2811 Nec
780 2772 809 2811 tu
818 2759 912 2826 aliud,

232 2826 314 2901 quan
327 2830 359 2884 de
374 2829 449 2884 exitu
460 2825 536 2898 eius,-
549 2827 617 2887 scire
631 2829 740 2886 uoluisti
752 2850 760 2891 t
771 2830 854 2890 finem
864 2849 914 2892 er-
