2000 3609
122 316 124 321 ,
219 237 309 322 :exviij
353 240 796 303 resarMoNrA.

221 347 248 398 dt
265 346 316 399 suis
332 346 406 400 libris
424 348 451 399 δι
466 346 520 400 tuis
537 346 597 400 erit.
618 344 681 412 Qub
698 346 823 400 libentiirs
839 344 901 399 sus²

219 418 313 487 cipio,
331 421 447 489 deposco
469 420 551 473 etiarn
568 457 576 485 ,
595 421 667 488 quod
688 418 815 489 injungis.
835 421 901 471 Erat
998 450 1000 467 .

219 490 336 557 Miseni,
348 493 504 562 classemque
519 493 634 561 imperio
648 493 762 561 praesens
774 494 899 563 regebat:

220 566 331 619 Nonum
345 567 458 621 Kalend.
475 567 642 634 Septembres
660 566 726 618 bord
741 566 796 618 sere
814 564 916 633 septis

220 637 283 702 mai,
299 654 383 692 mater
402 657 461 693 mea
482 640 581 692 indicat
603 639 630 691 ci
651 656 776 708 apparere
798 641 914 691 nubem·

220 711 348 765 inusitati
371 714 397 766 ἃ
417 712 619 783 magnitudine,
640 713 667 763 δι
687 711 783 780 specie.
807 710 902 780 Surgit

221 783 288 850 ille,
300 799 331 839 ut
343 803 358 838 e
370 787 434 839 Sole
446 787 546 849 solebat
556 825 564 846 ,
575 784 669 856 frigida
679 784 776 854 gustati
789 802 795 836 :
808 782 901 846 iacens

220 857 295 910 enirn
312 858 434 912 studebat.
451 860 578 926 Poposcit
594 859 680 910 soleas
693 857 836 919 ‚ascendit
854 860 903 910 lo·
998 862 1000 895 l

221 946 282 1005 curn
293 969 305 995 ‚,
318 948 352 983 ex
367 949 421 1000 quo
439 930 557 985 maxime
573 931 729 982 miraculum
745 932 811 983 illud
829 947 901 983 con·
998 934 1000 989 ἓ

221 1004 289 1072 spici
304 1018 418 1074 poterat.
430 1006 522 1058 Nubes
536 1004 667 1056 incertum
680 1006 774 1072 procul
789 1003 903 1058 intuen-

221 1078 293 1131 tibus
308 1095 344 1131 ex
358 1096 414 1148 quo
427 1093 521 1132 monce
534 1076 703 1146 (Vesuvium
717 1074 792 1129 fuisse
808 1076 915 1144 postea«

222 1151 362 1220 cognitum
384 1151 441 1217 est)
461 1152 620 1204 oriebatur:
643 1149 718 1216 cujus
742 1149 902 1202 similitudi-

223 1239 286 1274 nem
303 1224 330 1274 dr
343 1224 456 1276 formam
472 1240 529 1276 non
544 1224 596 1275 alia
609 1222 694 1291 magis
709 1224 802 1285 arbor,
817 1222 903 1290 quim

223 1295 312 1364 pinus,
320 1295 484 1363 expresserit.
492 1298 560 1347 Nam
571 1295 732 1364 longissimo
738 1298 813 1348 velut
824 1309 903 1347 trun·

224 1384 258 1420 co
276 1368 362 1421 efflata
378 1368 406 1419 in
420 1370 521 1432 altum,
534 1367 689 1436 quibusdam
703 1367 783 1421 ramis
799 1367 903 1420 diffun-

224 1441 343 1493 debatur.
362 1440 468 1506 Credo,
483 1440 546 1510 quia
563 1442 662 1494 recenti
678 1441 773 1509 spiritu
788 1442 902 1508 evecta,

223 1513 286 1568 dein
301 1514 451 1567 senescente
468 1530 503 1567 eo
518 1514 654 1577 destituta,
676 1514 813 1567 autetiam
828 1531 902 1582 pon-

224 1590 286 1640 dere
306 1588 354 1640 suo
374 1587 463 1652 vida,
481 1588 512 1640 in
532 1588 699 1640 latitudinem
719 1589 902 1655 vanescebat‚

224 1661 333 1714 candida
352 1660 503 1726 interdum,
520 1660 654 1735 interdum
673 1660 776 1712 sordida
796 1661 823 1712 u
841 1677 903 1713 ma·

224 1735 339 1799 culosa,
361 1750 443 1803 prout
462 1749 560 1787 terram
581 1735 733 1789 cineremve
754 1732 902 1788 sustulerat.

224 1809 354 1879 Magnum
367 1807 411 1873 id,
426 1808 589 1877 propiusque
604 1806 784 1870 noscendum,
797 1820 827 1858 ut
839 1813 920 1864 erui

224 1882 360 1936 ditissimo
380 1882 443 1935 viro
462 1882 552 1935 visum
573 1880 619 1933 est.
639 1880 718 1934 Jubet
741 1879 902 1934 liburnicam

219 1957 309 2024 aptari
324 1975 332 2008 t
351 1955 441 2018 milri,
467 1955 491 2008 si
509 1954 603 2008 venire
626 1953 679 2006 una
696 1954 819 2017 vellem,
837 1953 903 2008 facit

224 2028 342 2095 copiam.
363 2028 499 2096 Respondi
521 2027 648 2079 «studere
664 2042 707 2078 me
727 2028 805 2079 malle
817 2051 833 2075 n
849 2044 856 2079 t
874 2029 902 2080 dc
985 2055 988 2060 -

225 2098 297 2152 sorte
310 2100 384 2168 ipse,
401 2101 474 2168 quod
490 2099 630 2152 scriberem
645 2100 759 2151 dederat.
774 2099 901 2169 Egredie-

224 2172 301 2225 batur
314 2173 397 2225 domo
414 2172 537 2241 :accepit
550 2171 700 2226 codicillos.
716 2170 819 2225 Retinae
836 2174 903 2226 clas·

225 2244 300 2298 siarii
315 2285 323 2310 ‚
341 2244 499 2298 imminente
519 2245 638 2313 periculo
658 2244 797 2308 exterriti,
817 2244 901 2310 (nant

224 2318 293 2372 villa
308 2335 339 2371 ea
354 2318 523 2390 subjacebat:
540 2336 589 2371 nec
606 2320 677 2383 ulla,
696 2317 750 2371 nisi
764 2318 900 2383 navibus,

224 2392 288 2463 suga
301 2395 331 2461 z)
347 2407 377 2445 ut
392 2392 419 2445 se
434 2407 510 2445 tanto
526 2392 672 2446 discrimini
690 2391 823 2458 eriperet,
839 2409 905 2445 ora-¹

225 2468 300 2522 bant.
316 2465 405 2522 Vertit
419 2465 466 2520 ille
483 2466 643 2530 consilium,
656 2466 683 2518 δι
698 2466 770 2534 quod
785 2464 902 2520 studioso
958 2485 963 2493 ¹

226 2540 319 2593 animo
342 2540 533 2603 inchoaverat,
552 2540 610 2592 obit
630 2540 759 2591 maximo.
779 2537 903 2592 Deduxit

227 2612 420 2681 quadriremes,
431 2612 548 2664 ascendit
560 2611 632 2679 ipse,
648 2627 705 2661 non
718 2608 822 2662 Retinae
840 2629 902 2665 mo·

226 2684 282 2750 dd,
302 2686 347 2738 sed
364 2684 454 2737 multis
471 2683 544 2748 (erat
560 2682 632 2734 enim
648 2682 771 2750 srequens
788 2685 903 2737 amoeni·

226 2768 268 2808 tas
287 2759 364 2824 orae)
384 2760 484 2810 laturus
508 2755 637 2808 auxilium
654 2770 799 2823 :properat
817 2757 903 2823 illuc,

227 2829 297 2885 unde
310 2830 356 2887 alii
371 2831 456 2885 territi
471 2829 593 2905 fugiunt,
605 2828 759 2904 testumque
776 2830 904 2904 cursum,
