2000 3609
284 228 353 328 382
404 224 662 295 waram
689 221 902 293 Nrrvn.

281 348 324 408 ad'
360 344 489 405 roximos
500 340 677 422 AEthiopas:
693 355 779 422 atque
795 340 847 400 ubi
862 342 958 401 iterun

281 368 400 492 senierit
419 423 591 494 hominem,
609 420 743 502 prosilit,
755 420 838 481 fonte
855 419 958 502 (utve

282 507 403 572 risimile
422 502 486 584 est)
500 504 572 576 illo,
591 522 681 584 quern
690 501 796 584 Nigrin
806 521 959 562 vocavere.
981 517 982 596 p

281 588 356 653 Inde
382 584 514 648 Africam
535 583 571 642 ab
591 583 740 662 AEthiopia
777 581 958 664 dispescens,
981 603 982 608 ¹

283 670 397 733 etiamsi
417 687 478 726 non
491 665 622 746 protinus
639 665 775 745 populis,
784 662 854 724 feris
867 683 959 725 tatneu

147 746 151 753 ’
283 754 319 815 &
338 749 443 809 belluis
464 747 616 825 frequens,
634 744 828 826 silvarumque
845 742 959 826 opifex,

283 831 399 893 inedios
427 827 578 907 AEthiopas
605 824 716 899 secat,
742 828 958 908 cognominant

282 910 429 991 Astapus,
445 908 527 988 quod
540 906 655 968 illarum
673 909 801 989 gentium
814 906 912 989 lingna
925 905 959 964 ti·

305 991 400 1052 nificat
415 1009 518 1071 aquam
531 1009 548 1050 e
561 988 689 1050 tenebris
699 988 901 1070 profluentem.
912 983 957 1045 In·

282 1013 359 1136 falas
376 1074 596 1136 itainnumeras
613 1067 751 1151 =spargit,
773 1067 956 1153 quasdamque
981 1047 982 1096 ¹

285 1171 347 1215 tam
363 1151 451 1216 vastae
463 1148 688 1232 magnitudinis,
699 1166 955 1233 utquamqnarnra·

284 1235 356 1319 pida
382 1234 548 1302 celeritate,
576 1249 674 1292 tamen
699 1231 813 1292 dierum
837 1232 953 1314 quinque

283 1313 370 1380 eursu
388 1335 449 1375 non
465 1313 602 1375 breviore
624 1310 798 1373 transvolet:
812 1314 885 1374 circa
902 1308 954 1369 cla·

283 1397 428 1459 tissimum
449 1412 549 1453 earum
566 1392 707 1466 Meroen,
719 1391 875 1455 Astabores
886 1391 952 1451 leto

283 1477 372 1538 alveo
390 1472 501 1545 dietus,
518 1474 575 1535 hoc
593 1472 661 1552 est,
684 1495 780 1535 ramus
806 1497 823 1535 a
906 1489 952 1532 ve·

285 1558 416 1619 nientise
432 1553 580 1616 tenebris:
597 1555 701 1615 dextro
712 1558 788 1617 vero
799 1495 952 1633 Affipes,

285 1638 368 1721 quod
382 1636 497 1697 latentis
514 1635 756 1718 significationem
774 1634 887 1714 adiicit:
904 1650 952 1692 net

284 1721 354 1781 ante
370 1717 473 1789 Nilus,
493 1717 582 1807 quarn
598 1716 627 1777 se
644 1733 742 1778 totum
756 1719 953 1801 aquirtoncor·

286 1800 373 1862 dibus
390 1797 485 1859 rursus
501 1799 594 1877 punxit
604 1820 612 1859 ε
623 1795 799 1882 Sitquoque
809 1800 950 1859 etiamnum

286 1880 377 1953 Siris,
389 1896 422 1941 ut
438 1879 524 1951 ante,
541 1878 704 1939 nominatus
714 1899 768 1961 per
778 1880 884 1962 alim
897 1872 952 1935 urit

285 1963 342 2036 lia,
357 1964 389 2023 &
406 1963 436 2021 in
454 1977 550 2022 toturn
563 1959 697 2020 Homero
707 1960 871 2043 AEgyptus,
888 1950 951 2017 aliis·

285 2062 344 2123 que
364 2040 490 2103 Triton:
510 2038 630 2110 subinde
641 2039 739 2101 insulis
757 2040 951 2122 impanusnn

284 2122 378 2181 tidem
393 2122 527 2181 incitatus
543 2122 744 2182 irritamentis:
760 2120 905 2204 postremo
914 2120 952 2177 in·

282 2198 378 2261 clusus
390 2202 559 2275 montibus,
581 2223 637 2263 nec
659 2202 773 2262 aliunde
788 2204 950 2270 torrentior,

284 2278 385 2344 neotus
401 2283 482 2362 aquis
499 2285 722 2364 properantibus
739 2283 776 2343 ad
790 2282 891 2362 locunt
907 2278 951 2341 Ε·

284 2363 438 2443 thioputn‚
453 2364 504 2445 qui
526 2360 669 2447 Catadupi
690 2381 851 2437 vocantur,
863 2362 950 2425 nov'u·

284 2446 362 2507 aimo
380 2443 533 2505 catanatte
546 2447 622 2506 inter
641 2445 823 2507 occursantes
831 2441 949 2528 scopulos

285 2547 348 2588 non
363 2525 453 2587 fluere
472 2525 613 2587 immenso
632 2525 747 2610 fragore
759 2518 950 2595 creditut,std

286 2626 381 2668 tuere.
408 2604 512 2667 Postea
539 2606 610 2667 lenis
632 2609 665 2668 &
688 2606 841 2669 confratris
865 2605 951 2688 aquit,

284 2686 455 2771 domitique
471 2687 632 2762 violantia,
653 2677 953 2770 aliquid&spatiofes·

283 2764 349 2855 fin,
365 2770 463 2833 multis
485 2771 618 2854 quanvis
636 2767 767 2834 faucibus
791 2770 824 2848 in
848 2768 952 2853 AEgyp.
