<?xml version="1.0" encoding="UTF-8"?>
<!DOCTYPE html PUBLIC "-//W3C//DTD XHTML 1.0 Transitional//EN"
    "http://www.w3.org/TR/xhtml1/DTD/xhtml1-transitional.dtd">
<html xmlns="http://www.w3.org/1999/xhtml" xml:lang="en" lang="en">
 <head>
  <title>
</title>
<meta http-equiv="Content-Type" content="text/html;charset=utf-8" />
  <meta name='ocr-system' content='tesseract 3.04.00' />
  <meta name='ocr-capabilities' content='ocr_page ocr_carea ocr_par ocr_line ocrx_word'/>
</head>
<body>
  <div class='ocr_page' id='page_1' title='image "./caiipliniisecun00goog_0037.png"; bbox 0 0 2000 3609; ppageno 0'>
   <div class='ocr_carea' id='block_1_1' title="bbox 209 235 781 327">
    <p class='ocr_par' dir='ltr' id='par_1_1' title="bbox 209 235 781 327">
     <span class='ocr_line' id='line_1_1' title="bbox 209 235 781 327; baseline -0.002 0"><span class='ocrx_word' id='word_1_1' title='bbox 209 235 670 327; x_wconf 71' lang='lat' dir='ltr'>Trsrrmorrr‘a.</span> <span class='ocrx_word' id='word_1_2' title='bbox 711 255 781 326; x_wconf 77' lang='lat' dir='ltr'>nix</span> 
     </span>
    </p>
   </div>
   <div class='ocr_carea' id='block_1_2' title="bbox 17 364 780 2953">
    <p class='ocr_par' dir='ltr' id='par_1_2' title="bbox 17 364 780 2953">
     <span class='ocr_line' id='line_1_2' title="bbox 98 364 779 440; baseline -0.006 -17"><span class='ocrx_word' id='word_1_3' title='bbox 98 365 162 423; x_wconf 67' lang='lat' dir='ltr'>reita</span> <span class='ocrx_word' id='word_1_4' title='bbox 177 370 362 440; x_wconf 79' lang='lat' dir='ltr'>gubernacula</span> <span class='ocrx_word' id='word_1_5' title='bbox 381 367 411 421; x_wconf 86' lang='lat' dir='ltr'>in</span> <span class='ocrx_word' id='word_1_6' title='bbox 428 366 578 437; x_wconf 84' lang='lat' dir='ltr'>periculum</span> <span class='ocrx_word' id='word_1_7' title='bbox 595 380 670 420; x_wconf 85' lang='lat' dir='ltr'>tenet</span> <span class='ocrx_word' id='word_1_8' title='bbox 685 384 694 421; x_wconf 86' lang='lat' dir='ltr'>t</span> <span class='ocrx_word' id='word_1_9' title='bbox 712 364 779 420; x_wconf 79' lang='lat' dir='ltr'>adeo</span> 
     </span>
     <span class='ocr_line' id='line_1_3' title="bbox 30 439 777 507; baseline 0.003 -15"><span class='ocrx_word' id='word_1_10' title='bbox 30 488 33 492; x_wconf 85' lang='lat'>.</span> <span class='ocrx_word' id='word_1_11' title='bbox 96 441 195 497; x_wconf 78' lang='lat' dir='ltr'>t&#39;olurus</span> <span class='ocrx_word' id='word_1_12' title='bbox 213 458 315 507; x_wconf 85' lang='lat' dir='ltr'>metu,</span> <span class='ocrx_word' id='word_1_13' title='bbox 337 455 367 495; x_wconf 93' lang='lat' dir='ltr'>ut</span> <span class='ocrx_word' id='word_1_14' title='bbox 384 457 479 496; x_wconf 79' lang='lat' dir='ltr'>omnes</span> <span class='ocrx_word' id='word_1_15' title='bbox 495 439 569 494; x_wconf 78' lang='lat' dir='ltr'>illius</span> <span class='ocrx_word' id='word_1_16' title='bbox 586 440 777 502; x_wconf 65' lang='lat' dir='ltr'>marinianus,</span> 
     </span>
     <span class='ocr_line' id='line_1_4' title="bbox 98 513 780 588; baseline -0.001 -19"><span class='ocrx_word' id='word_1_17' title='bbox 98 532 185 570; x_wconf 81' lang='lat' dir='ltr'>ornnes</span> <span class='ocrx_word' id='word_1_18' title='bbox 203 517 309 588; x_wconf 76' lang='lat' dir='ltr'>figuras</span> <span class='ocrx_word' id='word_1_19' title='bbox 327 531 359 569; x_wconf 91' lang='lat' dir='ltr'>ut</span> <span class='ocrx_word' id='word_1_20' title='bbox 376 516 584 582; x_wconf 78' lang='lat' dir='ltr'>deprehenderat</span> <span class='ocrx_word' id='word_1_21' title='bbox 600 513 704 579; x_wconf 77' lang='lat' dir='ltr'>oculis,</span> <span class='ocrx_word' id='word_1_22' title='bbox 721 513 780 568; x_wconf 79' lang='lat' dir='ltr'>dit·</span> 
     </span>
     <span class='ocr_line' id='line_1_5' title="bbox 96 586 779 659; baseline -0.001 -17"><span class='ocrx_word' id='word_1_23' title='bbox 96 601 176 654; x_wconf 88' lang='lat' dir='ltr'>taret,</span> <span class='ocrx_word' id='word_1_24' title='bbox 190 604 388 659; x_wconf 88' lang='lat' dir='ltr'>enotaretque.</span> <span class='ocrx_word' id='word_1_25' title='bbox 406 589 466 643; x_wconf 87' lang='lat' dir='ltr'>Jam</span> <span class='ocrx_word' id='word_1_26' title='bbox 488 587 601 641; x_wconf 74' lang='lat' dir='ltr'>navibus</span> <span class='ocrx_word' id='word_1_27' title='bbox 620 586 688 641; x_wconf 79' lang='lat' dir='ltr'>cinit</span> <span class='ocrx_word' id='word_1_28' title='bbox 707 586 779 641; x_wconf 88' lang='lat' dir='ltr'>inci·</span> 
     </span>
     <span class='ocr_line' id='line_1_6' title="bbox 93 660 777 734; baseline 0 -19"><span class='ocrx_word' id='word_1_29' title='bbox 93 662 188 728; x_wconf 89' lang='lat' dir='ltr'>debat,</span> <span class='ocrx_word' id='word_1_30' title='bbox 208 662 268 734; x_wconf 78' lang='lat' dir='ltr'>qud</span> <span class='ocrx_word' id='word_1_31' title='bbox 289 661 408 733; x_wconf 78' lang='lat' dir='ltr'>propiis</span> <span class='ocrx_word' id='word_1_32' title='bbox 424 662 597 724; x_wconf 75' lang='lat' dir='ltr'>accederent,</span> <span class='ocrx_word' id='word_1_33' title='bbox 618 660 730 715; x_wconf 81' lang='lat' dir='ltr'>calidior</span> <span class='ocrx_word' id='word_1_34' title='bbox 748 661 777 715; x_wconf 77' lang='lat' dir='ltr'>bt</span> 
     </span>
     <span class='ocr_line' id='line_1_7' title="bbox 93 733 776 806; baseline 0 -18"><span class='ocrx_word' id='word_1_35' title='bbox 93 735 197 789; x_wconf 81' lang='lat' dir='ltr'>densior</span> <span class='ocrx_word' id='word_1_36' title='bbox 207 756 220 790; x_wconf 74' lang='lat' dir='ltr'>r</span> <span class='ocrx_word' id='word_1_37' title='bbox 234 736 294 802; x_wconf 83' lang='lat' dir='ltr'>iam</span> <span class='ocrx_word' id='word_1_38' title='bbox 306 736 428 806; x_wconf 83' lang='lat' dir='ltr'>pumices</span> <span class='ocrx_word' id='word_1_39' title='bbox 438 734 519 788; x_wconf 87' lang='lat' dir='ltr'>etiarn</span> <span class='ocrx_word' id='word_1_40' title='bbox 529 773 539 799; x_wconf 97' lang='lat'>,</span> <span class='ocrx_word' id='word_1_41' title='bbox 550 733 673 805; x_wconf 73' lang='lat' dir='ltr'>nigrique</span> <span class='ocrx_word' id='word_1_42' title='bbox 684 735 711 788; x_wconf 74' lang='grc' dir='ltr'>δι</span> <span class='ocrx_word' id='word_1_43' title='bbox 720 751 776 788; x_wconf 89' lang='lat' dir='ltr'>am-</span> 
     </span>
     <span class='ocr_line' id='line_1_8' title="bbox 90 807 779 881; baseline 0.001 -21"><span class='ocrx_word' id='word_1_44' title='bbox 90 807 153 861; x_wconf 85' lang='lat' dir='ltr'>busti</span> <span class='ocrx_word' id='word_1_45' title='bbox 169 811 196 863; x_wconf 76' lang='grc' dir='ltr'>δι</span> <span class='ocrx_word' id='word_1_46' title='bbox 210 810 293 865; x_wconf 70' lang='lat' dir='ltr'>fracti</span> <span class='ocrx_word' id='word_1_47' title='bbox 307 812 371 881; x_wconf 81' lang='lat' dir='ltr'>igne</span> <span class='ocrx_word' id='word_1_48' title='bbox 387 810 487 878; x_wconf 80' lang='lat' dir='ltr'>lapides</span> <span class='ocrx_word' id='word_1_49' title='bbox 505 807 581 873; x_wconf 79' lang='lat' dir='ltr'>:iam</span> <span class='ocrx_word' id='word_1_50' title='bbox 595 810 693 861; x_wconf 87' lang='lat' dir='ltr'>vadum</span> <span class='ocrx_word' id='word_1_51' title='bbox 709 807 779 861; x_wconf 90' lang='lat' dir='ltr'>subi·</span> 
     </span>
     <span class='ocr_line' id='line_1_9' title="bbox 93 880 778 954; baseline 0.004 -21"><span class='ocrx_word' id='word_1_52' title='bbox 93 892 163 947; x_wconf 86' lang='lat' dir='ltr'>tum,</span> <span class='ocrx_word' id='word_1_53' title='bbox 177 883 318 954; x_wconf 76' lang='lat' dir='ltr'>ruiniqne</span> <span class='ocrx_word' id='word_1_54' title='bbox 334 883 435 937; x_wconf 81' lang='lat' dir='ltr'>montis</span> <span class='ocrx_word' id='word_1_55' title='bbox 445 882 528 936; x_wconf 90' lang='lat' dir='ltr'>litora</span> <span class='ocrx_word' id='word_1_56' title='bbox 538 880 677 936; x_wconf 82' lang='lat' dir='ltr'>obstantia.</span> <span class='ocrx_word' id='word_1_57' title='bbox 690 883 778 936; x_wconf 86' lang='lat' dir='ltr'>Cunc-</span> 
     </span>
     <span class='ocr_line' id='line_1_10' title="bbox 92 955 778 1026; baseline 0.001 -19"><span class='ocrx_word' id='word_1_58' title='bbox 92 967 157 1008; x_wconf 82' lang='lat' dir='ltr'>tatus</span> <span class='ocrx_word' id='word_1_59' title='bbox 171 960 286 1026; x_wconf 87' lang='lat' dir='ltr'>paulum</span> <span class='ocrx_word' id='word_1_60' title='bbox 297 996 306 1023; x_wconf 92' lang='lat'>,</span> <span class='ocrx_word' id='word_1_61' title='bbox 319 974 353 1010; x_wconf 89' lang='lat' dir='ltr'>an</span> <span class='ocrx_word' id='word_1_62' title='bbox 367 971 440 1011; x_wconf 93' lang='lat' dir='ltr'>retro</span> <span class='ocrx_word' id='word_1_63' title='bbox 454 955 588 1020; x_wconf 69' lang='lat' dir='ltr'>flecderet,</span> <span class='ocrx_word' id='word_1_64' title='bbox 599 973 667 1010; x_wconf 83' lang='lat' dir='ltr'>mox</span> <span class='ocrx_word' id='word_1_65' title='bbox 681 957 778 1026; x_wconf 76' lang='lat' dir='ltr'>guber·</span> 
     </span>
     <span class='ocr_line' id='line_1_11' title="bbox 91 1029 779 1094; baseline -0.01 -6"><span class='ocrx_word' id='word_1_66' title='bbox 91 1031 174 1088; x_wconf 60' lang='lat' dir='ltr'>nitori</span> <span class='ocrx_word' id='word_1_67' title='bbox 195 1047 227 1084; x_wconf 90' lang='lat' dir='ltr'>ut</span> <span class='ocrx_word' id='word_1_68' title='bbox 247 1032 290 1084; x_wconf 89' lang='lat' dir='ltr'>ita</span> <span class='ocrx_word' id='word_1_69' title='bbox 309 1031 409 1084; x_wconf 78' lang='lat' dir='ltr'>faceret</span> <span class='ocrx_word' id='word_1_70' title='bbox 424 1030 565 1094; x_wconf 87' lang='lat' dir='ltr'>monenti,</span> <span class='ocrx_word' id='word_1_71' title='bbox 581 1031 718 1093; x_wconf 66' lang='lat' dir='ltr'>olomeo,</span> <span class='ocrx_word' id='word_1_72' title='bbox 733 1029 779 1081; x_wconf 88' lang='lat' dir='ltr'>in·</span> 
     </span>
     <span class='ocr_line' id='line_1_12' title="bbox 89 1102 779 1171; baseline 0 -15"><span class='ocrx_word' id='word_1_73' title='bbox 89 1122 107 1151; x_wconf 76' lang='lat' dir='ltr'>n</span> <span class='ocrx_word' id='word_1_74' title='bbox 122 1104 197 1171; x_wconf 83' lang='lat' dir='ltr'>quit,</span> <span class='ocrx_word' id='word_1_75' title='bbox 211 1104 417 1169; x_wconf 77' lang='lat' dir='ltr'>fortunaiuvat</span> <span class='ocrx_word' id='word_1_76' title='bbox 428 1102 664 1169; x_wconf 79' lang='lat' dir='ltr'>:Pomponianum</span> <span class='ocrx_word' id='word_1_77' title='bbox 678 1116 741 1168; x_wconf 89' lang='lat' dir='ltr'>pere</span> <span class='ocrx_word' id='word_1_78' title='bbox 751 1124 779 1156; x_wconf 69' lang='lat' dir='ltr'>a.</span> 
     </span>
     <span class='ocr_line' id='line_1_13' title="bbox 91 1171 778 1246; baseline 0.001 -21"><span class='ocrx_word' id='word_1_79' title='bbox 91 1171 185 1230; x_wconf 75' lang='lat' dir='ltr'>Stabiis</span> <span class='ocrx_word' id='word_1_80' title='bbox 197 1192 279 1243; x_wconf 89' lang='lat' dir='ltr'>erat,</span> <span class='ocrx_word' id='word_1_81' title='bbox 292 1177 441 1246; x_wconf 82' lang='lat' dir='ltr'>diremptus</span> <span class='ocrx_word' id='word_1_82' title='bbox 452 1174 515 1228; x_wconf 84' lang='lat' dir='ltr'>sinu</span> <span class='ocrx_word' id='word_1_83' title='bbox 525 1173 624 1227; x_wconf 88' lang='lat' dir='ltr'>medio.</span> <span class='ocrx_word' id='word_1_84' title='bbox 636 1174 706 1226; x_wconf 83' lang='lat' dir='ltr'>Nam</span> <span class='ocrx_word' id='word_1_85' title='bbox 716 1173 778 1227; x_wconf 83' lang='lat' dir='ltr'>sto·</span> 
     </span>
     <span class='ocr_line' id='line_1_14' title="bbox 92 1245 777 1319; baseline 0 -19"><span class='ocrx_word' id='word_1_86' title='bbox 92 1245 142 1300; x_wconf 82' lang='lat' dir='ltr'>sin</span> <span class='ocrx_word' id='word_1_87' title='bbox 164 1250 341 1305; x_wconf 68' lang='lat' dir='ltr'>circumatiit</span> <span class='ocrx_word' id='word_1_88' title='bbox 363 1247 531 1319; x_wconf 85' lang='lat' dir='ltr'>curvatisque</span> <span class='ocrx_word' id='word_1_89' title='bbox 554 1246 679 1301; x_wconf 76' lang='lat' dir='ltr'>litoribus</span> <span class='ocrx_word' id='word_1_90' title='bbox 702 1262 777 1301; x_wconf 80' lang='lat' dir='ltr'>mare</span> 
     </span>
     <span class='ocr_line' id='line_1_15' title="bbox 90 1315 775 1394; baseline 0.004 -23"><span class='ocrx_word' id='word_1_91' title='bbox 90 1315 247 1379; x_wconf 81' lang='lat' dir='ltr'>infunditur.</span> <span class='ocrx_word' id='word_1_92' title='bbox 270 1325 313 1379; x_wconf 89' lang='lat' dir='ltr'>lbi</span> <span class='ocrx_word' id='word_1_93' title='bbox 333 1339 494 1394; x_wconf 88' lang='lat' dir='ltr'>quamquam</span> <span class='ocrx_word' id='word_1_94' title='bbox 513 1324 635 1375; x_wconf 88' lang='lat' dir='ltr'>nondum</span> <span class='ocrx_word' id='word_1_95' title='bbox 653 1321 775 1390; x_wconf 90' lang='lat' dir='ltr'>periculo</span> 
     </span>
     <span class='ocr_line' id='line_1_16' title="bbox 84 1395 776 1469; baseline -0.006 -19"><span class='ocrx_word' id='word_1_96' title='bbox 84 1397 352 1469; x_wconf 57' lang='lat' dir='ltr'>appropinquante,</span> <span class='ocrx_word' id='word_1_97' title='bbox 370 1396 517 1465; x_wconf 87' lang='lat' dir='ltr'>conspicuo</span> <span class='ocrx_word' id='word_1_98' title='bbox 537 1410 645 1459; x_wconf 84' lang='lat' dir='ltr'>tameo,</span> <span class='ocrx_word' id='word_1_99' title='bbox 665 1395 693 1448; x_wconf 75' lang='grc' dir='ltr'>δι</span> <span class='ocrx_word' id='word_1_100' title='bbox 712 1395 776 1449; x_wconf 81' lang='lat' dir='ltr'>crim</span> 
     </span>
     <span class='ocr_line' id='line_1_17' title="bbox 89 1468 775 1541; baseline 0.004 -22"><span class='ocrx_word' id='word_1_101' title='bbox 89 1468 240 1532; x_wconf 82' lang='lat' dir='ltr'>cresceret,</span> <span class='ocrx_word' id='word_1_102' title='bbox 260 1471 417 1541; x_wconf 81' lang='lat' dir='ltr'>proximo,</span> <span class='ocrx_word' id='word_1_103' title='bbox 436 1470 550 1523; x_wconf 80' lang='lat' dir='ltr'>sarcinat</span> <span class='ocrx_word' id='word_1_104' title='bbox 575 1471 725 1523; x_wconf 74' lang='lat' dir='ltr'>contulerat</span> <span class='ocrx_word' id='word_1_105' title='bbox 744 1468 775 1521; x_wconf 89' lang='lat' dir='ltr'>in</span> 
     </span>
     <span class='ocr_line' id='line_1_18' title="bbox 88 1542 777 1615; baseline 0.007 -23"><span class='ocrx_word' id='word_1_106' title='bbox 88 1553 186 1608; x_wconf 80' lang='lat' dir='ltr'>nares,</span> <span class='ocrx_word' id='word_1_107' title='bbox 199 1561 295 1599; x_wconf 79' lang='lat' dir='ltr'>certus</span> <span class='ocrx_word' id='word_1_108' title='bbox 310 1545 397 1615; x_wconf 81' lang='lat' dir='ltr'>fugae,</span> <span class='ocrx_word' id='word_1_109' title='bbox 414 1542 439 1597; x_wconf 86' lang='lat' dir='ltr'>si</span> <span class='ocrx_word' id='word_1_110' title='bbox 454 1542 604 1597; x_wconf 83' lang='lat' dir='ltr'>contrarius</span> <span class='ocrx_word' id='word_1_111' title='bbox 619 1558 717 1595; x_wconf 79' lang='lat' dir='ltr'>ventus</span> <span class='ocrx_word' id='word_1_112' title='bbox 733 1557 777 1597; x_wconf 60' lang='lat' dir='ltr'>re·⁸</span> 
     </span>
     <span class='ocr_line' id='line_1_19' title="bbox 89 1611 775 1686; baseline 0 -16"><span class='ocrx_word' id='word_1_113' title='bbox 89 1611 208 1681; x_wconf 71' lang='lat' dir='ltr'>sedisset,</span> <span class='ocrx_word' id='word_1_114' title='bbox 224 1635 285 1686; x_wconf 92' lang='lat' dir='ltr'>quo</span> <span class='ocrx_word' id='word_1_115' title='bbox 303 1633 367 1671; x_wconf 86' lang='lat' dir='ltr'>tunc</span> <span class='ocrx_word' id='word_1_116' title='bbox 379 1618 528 1670; x_wconf 78' lang='lat' dir='ltr'>avunculus</span> <span class='ocrx_word' id='word_1_117' title='bbox 544 1632 620 1669; x_wconf 82' lang='lat' dir='ltr'>meus</span> <span class='ocrx_word' id='word_1_118' title='bbox 636 1617 775 1670; x_wconf 75' lang='lat' dir='ltr'>secundio-</span> 
     </span>
     <span class='ocr_line' id='line_1_20' title="bbox 90 1685 773 1760; baseline 0.006 -19"><span class='ocrx_word' id='word_1_119' title='bbox 90 1685 157 1742; x_wconf 71' lang='lat' dir='ltr'>simo</span> <span class='ocrx_word' id='word_1_120' title='bbox 166 1691 297 1748; x_wconf 74' lang='lat' dir='ltr'>invectus</span> <span class='ocrx_word' id='word_1_121' title='bbox 307 1690 494 1760; x_wconf 67' lang='lat' dir='ltr'>complectitur</span> <span class='ocrx_word' id='word_1_122' title='bbox 504 1690 697 1758; x_wconf 75' lang='lat' dir='ltr'>trepidantem,</span> <span class='ocrx_word' id='word_1_123' title='bbox 709 1706 773 1745; x_wconf 87' lang='lat' dir='ltr'>con·</span> 
     </span>
     <span class='ocr_line' id='line_1_21' title="bbox 89 1757 771 1833; baseline 0.01 -23"><span class='ocrx_word' id='word_1_124' title='bbox 89 1757 187 1818; x_wconf 86' lang='lat' dir='ltr'>solatur</span> <span class='ocrx_word' id='word_1_125' title='bbox 204 1802 214 1828; x_wconf 93' lang='lat'>,</span> <span class='ocrx_word' id='word_1_126' title='bbox 236 1767 383 1824; x_wconf 71' lang='lat' dir='ltr'>hortaturr</span> <span class='ocrx_word' id='word_1_127' title='bbox 400 1778 484 1833; x_wconf 92' lang='lat' dir='ltr'>utque</span> <span class='ocrx_word' id='word_1_128' title='bbox 505 1765 631 1816; x_wconf 84' lang='lat' dir='ltr'>timorem</span> <span class='ocrx_word' id='word_1_129' title='bbox 650 1761 708 1827; x_wconf 80' lang='lat' dir='ltr'>ejus</span> <span class='ocrx_word' id='word_1_130' title='bbox 725 1766 771 1820; x_wconf 70' lang='lat' dir='ltr'>sua</span> 
     </span>
     <span class='ocr_line' id='line_1_22' title="bbox 17 1831 773 1903; baseline -0.001 -14"><span class='ocrx_word' id='word_1_131' title='bbox 17 1865 19 1870; x_wconf 85' lang='lat'><em>.</em></span> <span class='ocrx_word' id='word_1_132' title='bbox 54 1877 64 1887; x_wconf 38' lang='lat' dir='ltr'>a</span> <span class='ocrx_word' id='word_1_133' title='bbox 87 1831 230 1892; x_wconf 80' lang='lat' dir='ltr'>securitate</span> <span class='ocrx_word' id='word_1_134' title='bbox 246 1838 364 1900; x_wconf 86' lang='lat' dir='ltr'>leniret,</span> <span class='ocrx_word' id='word_1_135' title='bbox 380 1835 476 1891; x_wconf 81' lang='lat' dir='ltr'>deferri</span> <span class='ocrx_word' id='word_1_136' title='bbox 490 1836 519 1890; x_wconf 84' lang='lat' dir='ltr'>se</span> <span class='ocrx_word' id='word_1_137' title='bbox 534 1838 564 1889; x_wconf 88' lang='lat' dir='ltr'>in</span> <span class='ocrx_word' id='word_1_138' title='bbox 579 1837 713 1889; x_wconf 85' lang='lat' dir='ltr'>balineum</span> <span class='ocrx_word' id='word_1_139' title='bbox 731 1839 773 1903; x_wconf 79' lang='lat' dir='ltr'>jo·</span> 
     </span>
     <span class='ocr_line' id='line_1_23' title="bbox 85 1904 770 1978; baseline 0.01 -20"><span class='ocrx_word' id='word_1_140' title='bbox 85 1904 153 1961; x_wconf 82' lang='lat' dir='ltr'>bet:</span> <span class='ocrx_word' id='word_1_141' title='bbox 173 1914 255 1963; x_wconf 82' lang='lat' dir='ltr'>lotus</span> <span class='ocrx_word' id='word_1_142' title='bbox 276 1911 411 1973; x_wconf 87' lang='lat' dir='ltr'>accubat,</span> <span class='ocrx_word' id='word_1_143' title='bbox 430 1923 533 1972; x_wconf 83' lang='lat' dir='ltr'>cenat,</span> <span class='ocrx_word' id='word_1_144' title='bbox 556 1923 636 1977; x_wconf 88' lang='lat' dir='ltr'>atque</span> <span class='ocrx_word' id='word_1_145' title='bbox 655 1910 770 1978; x_wconf 77' lang='lat' dir='ltr'>hilaris,</span> 
     </span>
     <span class='ocr_line' id='line_1_24' title="bbox 89 1980 772 2054; baseline 0.01 -21"><span class='ocrx_word' id='word_1_146' title='bbox 89 1992 147 2045; x_wconf 74' lang='lat' dir='ltr'>aut,</span> <span class='ocrx_word' id='word_1_147' title='bbox 166 1981 247 2052; x_wconf 78' lang='lat' dir='ltr'>quod</span> <span class='ocrx_word' id='word_1_148' title='bbox 265 1980 342 2051; x_wconf 75' lang='lat' dir='ltr'>aequb</span> <span class='ocrx_word' id='word_1_149' title='bbox 357 1998 483 2054; x_wconf 77' lang='lat' dir='ltr'>magnum</span> <span class='ocrx_word' id='word_1_150' title='bbox 498 1980 554 2045; x_wconf 81' lang='lat' dir='ltr'>est,</span> <span class='ocrx_word' id='word_1_151' title='bbox 570 1980 665 2035; x_wconf 79' lang='lat' dir='ltr'>similis</span> <span class='ocrx_word' id='word_1_152' title='bbox 682 1982 772 2039; x_wconf 79' lang='lat' dir='ltr'>hilari.</span> 
     </span>
     <span class='ocr_line' id='line_1_25' title="bbox 89 2049 769 2126; baseline 0.01 -18"><span class='ocrx_word' id='word_1_153' title='bbox 89 2049 199 2110; x_wconf 80' lang='lat' dir='ltr'>Interim</span> <span class='ocrx_word' id='word_1_154' title='bbox 217 2073 234 2110; x_wconf 90' lang='lat' dir='ltr'>a</span> <span class='ocrx_word' id='word_1_155' title='bbox 249 2055 375 2110; x_wconf 84' lang='lat' dir='ltr'>Vesuvio</span> <span class='ocrx_word' id='word_1_156' title='bbox 389 2071 484 2109; x_wconf 86' lang='lat' dir='ltr'>monte</span> <span class='ocrx_word' id='word_1_157' title='bbox 503 2056 623 2126; x_wconf 83' lang='lat' dir='ltr'>pluribus</span> <span class='ocrx_word' id='word_1_158' title='bbox 639 2055 707 2109; x_wconf 89' lang='lat' dir='ltr'>lotis</span> <span class='ocrx_word' id='word_1_159' title='bbox 727 2062 769 2114; x_wconf 88' lang='lat' dir='ltr'>la·</span> 
     </span>
     <span class='ocr_line' id='line_1_26' title="bbox 90 2122 768 2203; baseline 0.01 -23"><span class='ocrx_word' id='word_1_160' title='bbox 90 2122 199 2185; x_wconf 69' lang='lat' dir='ltr'>tissima</span> <span class='ocrx_word' id='word_1_161' title='bbox 223 2130 339 2183; x_wconf 71' lang='lat' dir='ltr'>flammat</span> <span class='ocrx_word' id='word_1_162' title='bbox 356 2145 437 2201; x_wconf 87' lang='lat' dir='ltr'>atque</span> <span class='ocrx_word' id='word_1_163' title='bbox 455 2129 577 2184; x_wconf 85' lang='lat' dir='ltr'>incendia</span> <span class='ocrx_word' id='word_1_164' title='bbox 596 2134 768 2203; x_wconf 79' lang='lat' dir='ltr'>relucebant,</span> 
     </span>
     <span class='ocr_line' id='line_1_27' title="bbox 90 2204 767 2274; baseline 0.012 -21"><span class='ocrx_word' id='word_1_165' title='bbox 90 2211 202 2265; x_wconf 83' lang='lat' dir='ltr'>quorum</span> <span class='ocrx_word' id='word_1_166' title='bbox 219 2205 311 2274; x_wconf 79' lang='lat' dir='ltr'>fulgor</span> <span class='ocrx_word' id='word_1_167' title='bbox 325 2204 352 2257; x_wconf 77' lang='grc' dir='ltr'>δι</span> <span class='ocrx_word' id='word_1_168' title='bbox 365 2204 478 2259; x_wconf 70' lang='lat' dir='ltr'>claritat</span> <span class='ocrx_word' id='word_1_169' title='bbox 484 2204 599 2259; x_wconf 79' lang='lat' dir='ltr'>tenebris</span> <span class='ocrx_word' id='word_1_170' title='bbox 616 2205 703 2259; x_wconf 67' lang='lat' dir='ltr'>nodio</span> <span class='ocrx_word' id='word_1_171' title='bbox 715 2224 767 2261; x_wconf 83' lang='lat' dir='ltr'>ex-</span> 
     </span>
     <span class='ocr_line' id='line_1_28' title="bbox 91 2270 766 2351; baseline 0.021 -31"><span class='ocrx_word' id='word_1_172' title='bbox 91 2270 227 2334; x_wconf 79' lang='lat' dir='ltr'>citabatur.</span> <span class='ocrx_word' id='word_1_173' title='bbox 242 2280 291 2332; x_wconf 91' lang='lat' dir='ltr'>Ille</span> <span class='ocrx_word' id='word_1_174' title='bbox 304 2296 319 2321; x_wconf 64' lang='grc' dir='ltr'>ιι</span> <span class='ocrx_word' id='word_1_175' title='bbox 329 2278 469 2349; x_wconf 75' lang='lat' dir='ltr'>agrestium</span> <span class='ocrx_word' id='word_1_176' title='bbox 489 2278 668 2347; x_wconf 87' lang='lat' dir='ltr'>trepidatione</span> <span class='ocrx_word' id='word_1_177' title='bbox 687 2279 766 2351; x_wconf 74' lang='lat' dir='ltr'>ignes</span> 
     </span>
     <span class='ocr_line' id='line_1_29' title="bbox 92 2348 766 2422; baseline 0.012 -23"><span class='ocrx_word' id='word_1_178' title='bbox 92 2361 108 2393; x_wconf 74' lang='lat' dir='ltr'>a</span> <span class='ocrx_word' id='word_1_179' title='bbox 121 2348 245 2415; x_wconf 73' lang='lat' dir='ltr'>relictos,</span> <span class='ocrx_word' id='word_1_180' title='bbox 259 2352 423 2422; x_wconf 82' lang='lat' dir='ltr'>desertasque</span> <span class='ocrx_word' id='word_1_181' title='bbox 436 2352 516 2406; x_wconf 85' lang='lat' dir='ltr'>villas</span> <span class='ocrx_word' id='word_1_182' title='bbox 530 2370 578 2420; x_wconf 85' lang='lat' dir='ltr'>per</span> <span class='ocrx_word' id='word_1_183' title='bbox 592 2352 766 2407; x_wconf 81' lang='lat' dir='ltr'>solitudinem</span> 
     </span>
     <span class='ocr_line' id='line_1_30' title="bbox 92 2424 768 2488; baseline 0.001 -12"><span class='ocrx_word' id='word_1_184' title='bbox 92 2436 108 2465; x_wconf 73' lang='lat' dir='ltr'>»r</span> <span class='ocrx_word' id='word_1_185' title='bbox 123 2424 211 2479; x_wconf 71' lang='lat' dir='ltr'>ardere</span> <span class='ocrx_word' id='word_1_186' title='bbox 227 2449 260 2488; x_wconf 72' lang='lat' dir='ltr'>n,</span> <span class='ocrx_word' id='word_1_187' title='bbox 276 2424 306 2477; x_wconf 88' lang='lat' dir='ltr'>in</span> <span class='ocrx_word' id='word_1_188' title='bbox 324 2426 472 2478; x_wconf 86' lang='lat' dir='ltr'>remedium</span> <span class='ocrx_word' id='word_1_189' title='bbox 490 2424 643 2478; x_wconf 80' lang='lat' dir='ltr'>formidinis</span> <span class='ocrx_word' id='word_1_190' title='bbox 659 2424 768 2477; x_wconf 72' lang='lat' dir='ltr'>diffica-</span> 
     </span>
     <span class='ocr_line' id='line_1_31' title="bbox 93 2487 767 2567; baseline 0.001 -18"><span class='ocrx_word' id='word_1_191' title='bbox 93 2487 143 2546; x_wconf 88' lang='lat' dir='ltr'>bat.</span> <span class='ocrx_word' id='word_1_192' title='bbox 152 2496 221 2551; x_wconf 83' lang='lat' dir='ltr'>Tum</span> <span class='ocrx_word' id='word_1_193' title='bbox 232 2499 260 2551; x_wconf 86' lang='lat' dir='ltr'>se</span> <span class='ocrx_word' id='word_1_194' title='bbox 270 2498 356 2567; x_wconf 91' lang='lat' dir='ltr'>quieti</span> <span class='ocrx_word' id='word_1_195' title='bbox 364 2498 454 2560; x_wconf 83' lang='lat' dir='ltr'>dedit,</span> <span class='ocrx_word' id='word_1_196' title='bbox 465 2497 492 2549; x_wconf 76' lang='grc' dir='ltr'>δι</span> <span class='ocrx_word' id='word_1_197' title='bbox 502 2496 608 2565; x_wconf 86' lang='lat' dir='ltr'>quievit</span> <span class='ocrx_word' id='word_1_198' title='bbox 618 2496 767 2550; x_wconf 76' lang='lat' dir='ltr'>verissimo</span> 
     </span>
     <span class='ocr_line' id='line_1_32' title="bbox 95 2564 766 2637; baseline -0.004 -9"><span class='ocrx_word' id='word_1_199' title='bbox 95 2564 194 2629; x_wconf 72' lang='lat' dir='ltr'>quidem</span> <span class='ocrx_word' id='word_1_200' title='bbox 210 2572 317 2624; x_wconf 87' lang='lat' dir='ltr'>somno.</span> <span class='ocrx_word' id='word_1_201' title='bbox 331 2572 403 2623; x_wconf 80' lang='lat' dir='ltr'>Nam</span> <span class='ocrx_word' id='word_1_202' title='bbox 417 2582 520 2622; x_wconf 83' lang='lat' dir='ltr'>meatur</span> <span class='ocrx_word' id='word_1_203' title='bbox 537 2568 652 2631; x_wconf 79' lang='lat' dir='ltr'>animae,</span> <span class='ocrx_word' id='word_1_204' title='bbox 666 2568 712 2637; x_wconf 90' lang='lat' dir='ltr'>qui</span> <span class='ocrx_word' id='word_1_205' title='bbox 723 2568 766 2625; x_wconf 86' lang='lat' dir='ltr'>illi</span> 
     </span>
     <span class='ocr_line' id='line_1_33' title="bbox 93 2641 764 2714; baseline -0.007 -12"><span class='ocrx_word' id='word_1_206' title='bbox 93 2650 197 2708; x_wconf 70' lang='lat' dir='ltr'>propter</span> <span class='ocrx_word' id='word_1_207' title='bbox 206 2645 410 2714; x_wconf 85' lang='lat' dir='ltr'>amplitudinem</span> <span class='ocrx_word' id='word_1_208' title='bbox 426 2641 549 2712; x_wconf 79' lang='lat' dir='ltr'>corporis</span> <span class='ocrx_word' id='word_1_209' title='bbox 561 2641 669 2714; x_wconf 79' lang='lat' dir='ltr'>gravior</span> <span class='ocrx_word' id='word_1_210' title='bbox 680 2643 708 2696; x_wconf 77' lang='lat' dir='ltr'>dt</span> <span class='ocrx_word' id='word_1_211' title='bbox 718 2644 764 2697; x_wconf 86' lang='lat' dir='ltr'>so·</span> 
     </span>
     <span class='ocr_line' id='line_1_34' title="bbox 95 2713 763 2787; baseline 0.007 -20"><span class='ocrx_word' id='word_1_212' title='bbox 95 2713 193 2771; x_wconf 73' lang='lat' dir='ltr'>mitior</span> <span class='ocrx_word' id='word_1_213' title='bbox 208 2732 280 2783; x_wconf 87' lang='lat' dir='ltr'>erat,</span> <span class='ocrx_word' id='word_1_214' title='bbox 297 2715 329 2770; x_wconf 76' lang='lat' dir='ltr'>db</span> <span class='ocrx_word' id='word_1_215' title='bbox 343 2717 377 2771; x_wconf 83' lang='lat' dir='ltr'>iis</span> <span class='ocrx_word' id='word_1_216' title='bbox 388 2757 396 2784; x_wconf 91' lang='lat'>,</span> <span class='ocrx_word' id='word_1_217' title='bbox 408 2717 462 2787; x_wconf 85' lang='lat' dir='ltr'>qui</span> <span class='ocrx_word' id='word_1_218' title='bbox 477 2717 567 2771; x_wconf 88' lang='lat' dir='ltr'>limini</span> <span class='ocrx_word' id='word_1_219' title='bbox 583 2716 763 2772; x_wconf 81' lang='lat' dir='ltr'>obversaban-</span> 
     </span>
     <span class='ocr_line' id='line_1_35' title="bbox 95 2789 762 2863; baseline 0.001 -19"><span class='ocrx_word' id='word_1_220' title='bbox 95 2792 148 2863; x_wconf 69' lang='lat' dir='ltr'>rra,</span> <span class='ocrx_word' id='word_1_221' title='bbox 166 2792 326 2846; x_wconf 86' lang='lat' dir='ltr'>audiebatur.</span> <span class='ocrx_word' id='word_1_222' title='bbox 340 2792 392 2845; x_wconf 80' lang='lat' dir='ltr'>Sed</span> <span class='ocrx_word' id='word_1_223' title='bbox 406 2808 486 2853; x_wconf 90' lang='lat' dir='ltr'>area,</span> <span class='ocrx_word' id='word_1_224' title='bbox 500 2807 537 2843; x_wconf 85' lang='lat' dir='ltr'>ex</span> <span class='ocrx_word' id='word_1_225' title='bbox 552 2790 604 2860; x_wconf 77' lang='lat' dir='ltr'>qud</span> <span class='ocrx_word' id='word_1_226' title='bbox 619 2789 696 2844; x_wconf 82' lang='lat' dir='ltr'>diaeta</span> <span class='ocrx_word' id='word_1_227' title='bbox 712 2794 762 2845; x_wconf 85' lang='lat' dir='ltr'>ad-</span> 
     </span>
     <span class='ocr_line' id='line_1_36' title="bbox 93 2853 760 2953; baseline 0.01 -36"><span class='ocrx_word' id='word_1_228' title='bbox 93 2853 194 2931; x_wconf 57' lang='lat' dir='ltr'>m,</span> <span class='ocrx_word' id='word_1_229' title='bbox 210 2864 247 2919; x_wconf 90' lang='lat' dir='ltr'>ita</span> <span class='ocrx_word' id='word_1_230' title='bbox 264 2864 319 2934; x_wconf 78' lang='lat' dir='ltr'>ian</span> <span class='ocrx_word' id='word_1_231' title='bbox 339 2864 427 2922; x_wconf 67' lang='lat' dir='ltr'>mnort</span> <span class='ocrx_word' id='word_1_232' title='bbox 445 2865 590 2937; x_wconf 76' lang='lat' dir='ltr'>mixtisque</span> <span class='ocrx_word' id='word_1_233' title='bbox 604 2864 760 2953; x_wconf 39' lang='lat' dir='ltr'>&#39;pumicibus</span> 
     </span>
    </p>
   </div>
   <div class='ocr_carea' id='block_1_3' title="bbox 561 2937 633 3020">
    <p class='ocr_par' dir='ltr' id='par_1_3' title="bbox 561 2937 633 3020">
     <span class='ocr_line' id='line_1_37' title="bbox 561 2937 633 3020; baseline 0 -22"><span class='ocrx_word' id='word_1_234' title='bbox 561 2937 581 2998; x_wconf 88' lang='lat' dir='ltr'>b</span> <span class='ocrx_word' id='word_1_235' title='bbox 602 2940 633 3020; x_wconf 79' lang='lat' dir='ltr'>ri]</span> 
     </span>
    </p>
   </div>
   <div class='ocr_carea' id='block_1_4' title="bbox 0 0 1004 3609">
    <p class='ocr_par' dir='ltr' id='par_1_4' title="bbox 0 0 1004 3609">
     <span class='ocr_line' id='line_1_38' title="bbox 0 0 1004 3609; baseline 0 0"><span class='ocrx_word' id='word_1_236' title='bbox 0 0 1004 3609; x_wconf 95' lang='lat' dir='ltr'> </span> 
     </span>
    </p>
   </div>
  </div>
 </body>
</html>
