2000 3609
242 287 314 376 *r64
357 240 827 353 uprtnrrumn.
990 325 991 364 r

241 404 323 485 aeque
340 423 373 462 ac
389 400 475 462 nolin
494 400 625 461 luceant:
641 399 728 482 idque
738 396 933 462 manifestum

240 482 291 544 fiat
305 481 419 544 defeuu
436 481 528 556 Solis,
549 483 582 543 &
598 483 719 563 praealtis
737 483 844 562 puteis.

282 562 351 625 XII.
376 581 422 645 ις.
445 563 604 623 Errantium
626 580 722 622 autem
742 578 826 634 tres,
855 577 929 643 quas

240 642 325 725 supra
345 642 446 704 Solem
466 643 589 704 diximus
616 644 705 718 sitas,
723 643 926 714 occultantur,
991 697 992 700 ,

241 742 370 787 meantes
397 744 463 784 curn
476 745 524 784 eo.
542 723 716 783 Exoriuntur
733 724 807 784 verb
831 740 927 783 maru·

242 807 328 880 tino,
352 804 534 866 discedentes
548 806 676 885 partibus
695 824 853 886 numquam
866 823 927 862 am·

242 887 317 969 plius
337 886 469 945 undenis.
488 882 591 945 Postea
612 884 760 945 radiorum
781 882 843 963 ejus
859 904 930 943 con-

242 965 318 1027 netu
340 981 490 1047 reguntur,
504 966 536 1025 &
553 966 585 1024 in
604 967 748 1046 triquetro
764 986 781 1024 a
796 965 925 1047 partibus

244 1063 363 1109 centum
382 1048 483 1141 viginti
492 1044 626 1105 stationes
638 1047 790 1105 matutinas
802 1045 923 1114 faciunt,

243 1148 318 1210 quae-
330 1129 362 1190 &
379 1148 480 1208 primae
497 1135 658 1187 vocantur:
677 1146 748 1186 mox
770 1128 801 1184 in
821 1122 925 1187 averso

243 1228 262 1267 a
282 1207 409 1287 partibus
421 1222 538 1267 centum
550 1206 716 1289 olioginta‚
734 1222 853 1266 exortus
863 1202 926 1268 ves·

243 1288 384 1370 petrinos.
405 1285 571 1370 iterumque
584 1289 739 1347 incentum
757 1288 863 1369 viginti
890 1285 926 1345 ab

242 1367 299 1434 alio
310 1366 396 1427 latere
409 1370 689 1449 appropinquantes,
699 1366 835 1428 stationes
855 1363 925 1428 ves·
993 1425 994 1448 3

244 1450 392 1531 pertinas‚
411 1448 524 1530 quas&
536 1447 671 1508 secundas
681 1465 811 1520 vocant,
828 1448 925 1509 donec

243 1526 382 1592 affecutus
390 1530 419 1589 in
427 1529 556 1608 partibus
569 1529 709 1590 duodenis
717 1529 926 1600 occultetillas,

243 1611 294 1691 qui
312 1607 470 1691 vespertini
488 1607 604 1669 occasus
625 1608 812 1691 appellantur.
844 1609 925 1691 Mar·

244 1693 280 1750 tis
305 1688 384 1751 stella
406 1707 438 1751 ut
455 1691 595 1771 propior,
614 1692 701 1750 etiam
725 1707 760 1750 ex
784 1690 926 1772 quadrato

244 1768 329 1832 sentit
345 1771 462 1843 radios,
479 1769 516 1830 ab
536 1773 690 1853 nonaginta
714 1770 862 1852 partibus:
876 1790 925 1830 une
994 1795 995 1798 ¹

244 1851 283 1913 de
305 1852 338 1913 &
353 1872 462 1912 nomen
476 1853 587 1933 accepit
599 1853 622 1910 is
633 1857 748 1926 motus,
765 1853 879 1932 primus
894 1852 924 1912 &

244 1930 387 1993 secundus
408 1934 615 2015 nonagenarius
634 1931 724 1992 (lilius
741 1932 778 1992 ab
800 1950 925 2015 utroque

246 2032 360 2074 exortu.
380 2011 491 2074 Eadem
511 2011 667 2074 stationalis
686 2012 758 2072 senis
775 2014 927 2079 mensibus,

244 2109 442 2152 commoratur
464 2095 492 2151 in
514 2095 617 2174 signis,
637 2094 744 2174 alioqui
764 2091 926 2167 bimestris,

244 2173 312 2232 clun
339 2187 441 2232 ceterae
469 2188 591 2253 utraque
615 2170 736 2234 statione
769 2192 923 2258 quaternos

243 2249 355 2322 menses
374 2270 435 2311 non
452 2250 602 2332 impleant.

286 2329 439 2392 Inferiores
468 2347 567 2392 autem
596 2333 661 2394 duae
689 2335 871 2398 occultantur
895 2337 924 2395 in

245 2414 327 2476 coitu
341 2411 526 2494 vespertino,
543 2415 627 2476 simili
637 2416 748 2476 modo:
764 2416 923 2499 relilloque

245 2492 329 2570 Sole,
346 2494 471 2556 totidem
492 2496 522 2554 in
540 2497 665 2577 partibus
683 2495 790 2559 faciunt
808 2515 923 2558 exortus

245 2576 424 2652 matutinos:
445 2592 530 2657 atque
552 2598 570 2635 a
588 2577 760 2660 longissimis
785 2576 924 2638 distanriae

245 2654 303 2716 suae
321 2658 406 2716 metis
421 2655 521 2716 Solem
539 2655 923 2742 insequuntur,adepraeque

245 2735 347 2795 occasu
361 2739 501 2797 matutino
513 2735 676 2799 conduntur
685 2758 718 2797 ac
739 2755 923 2820 pratereunt.

245 2811 322 2889 Mox
341 2817 448 2881 eodem
464 2816 618 2892 interuallo
643 2816 764 2912 vespere
790 2820 923 2883 exoriun-
