2000 3609
190 208 262 289 252
312 189 546 265 astrinxi
568 184 758 259 Nrrua.

186 328 299 391 aquarn
315 328 326 382 ς
345 309 376 371 in
395 305 468 369 duas
487 323 602 388 partes,
622 304 658 367 ab
675 326 759 368 amne
775 302 880 370 Tanai

186 390 226 450 nd
246 388 423 452 Gaditanum
439 387 708 462 fretum‚universo
728 388 801 451 orbe
824 390 879 449 di-

185 467 261 534 viso.
287 467 424 532 Oceanus
442 469 499 529 hoc
519 468 598 550 quod
621 466 728 531 disium
747 466 789 528 est
805 468 879 549 spa·

183 552 230 611 rio
250 549 429 612 Atlanticum
448 569 527 611 mare
544 548 715 620 infundens,
726 551 760 611 &
781 550 878 611 avido

187 648 304 705 meatu,
315 648 403 692 terras
414 673 423 702 ,
435 650 627 711 quacumque
636 632 806 689 venientem
818 650 877 697 ex·

186 731 321 793 pavere,
342 712 538 792 demergens:
559 707 723 770 'resistentes
752 729 878 791 quoque

188 790 320 855 flexuoso
331 792 447 852 litorum
457 787 582 850 ansrallu
591 787 878 870 larnbitzEuropam

188 872 242 951 yel
261 873 386 933 maxime
410 870 571 931 recessibus
585 869 697 931 crebris¹¹
711 889 890 937 excavans.v

188 951 242 1015 sed
258 956 288 1012 in
302 969 426 1035 quatuor
441 952 603 1031 praecipuos
622 953 708 1010 sinus.
730 948 877 1028 Quorum

189 1035 302 1115 primus
322 1055 338 1093 a
355 1031 454 1114 Calpe,
471 1029 616 1112 Hispaniae
639 1032 749 1090 extimo
767 1029 818 1111 (ut
825 1031 878 1090 di-

190 1114 268 1174 slum
290 1113 348 1194 est)
367 1129 485 1184 monte,
503 1111 613 1171 Locros
630 1112 663 1172 &
680 1110 813 1171 Brutium
827 1111 878 1171 us-

188 1215 248 1339 gue
268 1194 503 1276 promontorium
524 1189 666 1253 immenso
685 1190 795 1251 ambitu
819 1191 878 1263 ἦε·Ι

217 1292 282 1336 rtur.

189 1411 196 1421 ,
231 1352 270 1415 ll.
292 1353 326 1414 ln
343 1374 381 1415 eo
400 1355 493 1435 prima
510 1351 646 1435 Hispania
663 1368 807 1413 terrarum
818 1351 877 1427 est,

188 1433 310 1513 ulterior
330 1434 486 1516 appellata,
497 1434 602 1494 eadem
622 1433 737 1499 Baetica.
758 1432 837 1494 Mox
856 1454 878 1494 a

190 1512 252 1585 fine
276 1516 416 1598 Urgitano
435 1517 568 1589 citerior,
585 1513 688 1577 eadem
729 1534 747 1574 e
765 1512 877 1581 Tarra-

190 1598 325 1659 conensis
348 1596 384 1656 ad
414 1595 552 1677 Pyrenaea
577 1592 653 1677 juga.
721 1594 823 1657 lterior
842 1596 889 1657 in.

189 1677 287 1749 duas,
300 1697 351 1759 per
378 1677 605 1758 longitudinem,
618 1676 781 1757 provincias
797 1676 877 1736 divi·

191 1757 278 1821 ditur.
308 1755 338 1818 Si
358 1758 475 1841 quidem
504 1755 618 1817 Baeticae
637 1755 725 1817 latere
746 1754 876 1836 septem-

190 1839 305 1916 trionali
321 1839 507 1923 praetenditur
522 1835 682 1906 Lusitania,
702 1856 787 1896 amne
805 1835 876 1897 Ana

192 1917 323 1995 discreta.
344 1916 434 1980 Ortus
453 1919 499 1979 hic
515 1917 695 1979 Laminitano
715 1937 787 1998 agro
804 1918 878 1978 cite·

191 2001 276 2058 rioris
290 1997 450 2079 Hispaniae,
465 2001 498 2060 &
510 1998 601 2059 modo
619 1996 649 2058 se
664 1999 694 2057 in
705 1995 877 2079 slagnafun·

191 2077 283 2151 ¹(lens,
301 2079 393 2138 modo
413 2080 442 2136 in
461 2077 602 2158 angustias
628 2077 801 2152 resorbens,
818 2095 875 2140 aut

189 2159 221 2219 in
236 2174 331 2217 totum
347 2156 484 2216 cuniculis
497 2157 647 2232 condens,
662 2156 805 2238 &sapius
814 2156 876 2218 nas·

127 2256 136 2281 Ι
191 2240 219 2299 ci
228 2238 371 2321 gaudens,
383 2239 411 2298 in
423 2237 602 2301 Atlanticum
612 2235 766 2301 Oceanum
779 2237 874 2299 effun-

190 2319 285 2399 ditur..
299 2317 524 2395 Tarraconensis
549 2338 646 2381 autern
671 2317 755 2379 affixa
780 2319 876 2401 Pyre·
920 2360 926 2366 ·

190 2422 277 2475 naeo,
299 2419 363 2462 toto
385 2422 421 2464 ue
441 2398 503 2483 ejus
527 2401 615 2461 latere
643 2401 822 2473 decurrens,
840 2402 877 2463 δι

160 2525 166 2531 -
189 2483 280 2551 ,simul
307 2483 344 2543 ad
403 2482 516 2544 ellicum
548 2480 700 2543 Oceanum
722 2479 878 2551 Ibericoa

188 2566 264 2633 mari
282 2562 439 2639 transversa
457 2561 485 2623 se
508 2559 781 2643 pandens,Solorio
790 2581 877 2622 mon·

189 2644 286 2719 ,ἤειδε
305 2642 442 2719 Oretanis
462 2642 555 2742 jugis,
576 2640 823 2743 Carpetanisque,
842 2644 878 2705 δι

190 2716 349 2814 ᾈίξᾳιυω,
364 2746 383 2787 a
396 2722 504 2801 Baetica
519 2738 605 2805 atque
621 2723 764 2799 Lusitania
777 2719 881 2797 distin·

189 2817 317 2887 guttur..
372 2870 383 2881 „
