2000 3609
255 269 305 314 tu
327 253 536 314 Ltsnvm
558 253 628 327 ΙΙ.Δ
688 273 754 338 431,

51 360 154 415 Lunae
175 373 352 428 compererunt
371 364 475 414 mediam
500 364 574 414 Lunae
591 382 605 414 a
623 366 690 415 tetri
716 367 756 415 di·

53 434 187 487 stantiam
198 434 246 485 effe
259 436 382 487 leucarum
394 438 409 487 8
413 435 503 501 5‚464.
518 439 602 503 quales
613 438 666 488 sunt
677 440 757 489 leucae

57 524 82 561 2
90 525 119 571 5.
130 508 158 556 in
169 508 372 575 graduterrestri,
382 510 407 559 dt
414 510 515 577 singulae
523 508 705 575 hexapedatum
712 511 756 562 Pa·

55 582 219 633 tisiensium
231 582 320 649 2,283.
332 580 557 650 Patnllaxiquoque
566 583 630 632 Solis
639 601 755 650 comper·

60 668 129 705 tum
158 653 192 703 est
222 655 307 704 Solem
322 673 337 705 a
353 656 420 706 terri
441 654 537 704 distare·
554 655 632 706 leucis
657 657 756 709 circiter

60 728 255 795 32,830,478.
279 728 368 794 Neque
389 729 414 778 in
431 729 598 795 triplicatum,
617 729 659 779 sed
668 729 756 803 rfermo

61 802 98 851 in
122 800 269 850 immensum
291 800 325 851 est
349 801 458 852 distantia
481 802 511 852 ad
527 802 657 852 duodecim
677 804 756 870 signa.

56 872 198 925 Distantia
217 886 299 924 autem
317 874 438 925 stellatum
455 877 554 942 supetat
570 878 654 927 leucas
665 877 751 939 6,771,

58 962 280 1013 77o,0oo,ooo.,
622 939 627 948 ’

113 1019 188 1070 CA?-
205 1019 286 1070 xxll.
305 1037 328 1071 1·
347 1018 491 1087 sescuplum.
507 1021 559 1072 Ms.
574 1019 640 1089 Reg.
654 1036 677 1073 1.

113 1110 143 1144 2.
165 1091 257 1159 Septem
275 1102 354 1142 tonos.
370 1093 442 1143 Errat
455 1092 554 1144 Plinius.
571 1092 620 1143 Sex
630 1096 759 1152 toni,non

64 1164 142 1217 vero
162 1166 255 1231 septem
272 1168 326 1216 toni
345 1165 456 1218 efficiunt
471 1164 762 1233 diapasdnharmoniam.

66 1240 145 1291 Sunt
163 1239 260 1306 quidem
277 1240 371 1306 septem
391 1241 537 1299 intervalla,
563 1257 617 1306 quie
639 1257 704 1290 nunc
722 1242 760 1290 di-

66 1315 161 1363 cimus
179 1327 269 1374 uma,
288 1315 335 1374 mi,
348 1310 397 1377 fia,
411 1312 467 1378 Μ,
485 1311 639 1377 re,mi‚fis-‚·
653 1313 777 1364 sedtum.

70 1384 132 1436 tum
155 1386 197 1436 sex
217 1386 284 1446 toni,
302 1402 390 1452 nempe
410 1387 517 1453 quinque
534 1387 589 1436 toni
610 1387 717 1455 integri,
731 1388 758 1438 δι

66 1461 130 1509 cluo
151 1459 295 1509 hemitonia.
317 1456 412 1509 Meritd
432 1458 595 1523 Censorinus,
612 1461 642 1509 de
653 1461 702 1510 Die
712 1479 757 1510 na·
840 1501 844 1507 .

71 1532 143 1594 sati,
162 1531 223 1598 Cap.
244 1546 283 1599 13.
303 1532 364 1583 dixit
376 1549 445 1582 tonos
456 1531 562 1599 effisex,
573 1537 599 1582 in
612 1533 694 1600 quibus
710 1529 761 1591 διὰ

73 1615 189 1675 πασῶν
198 1613 348 1683 symphonia.
374 1617 500 1681 Diapason
524 1632 588 1665 nunc
610 1616 761 1683 appellamus

71 1694 202 1751 l’oc'save.
483 1716 486 1725 v
730 1724 734 1735 ,

122 1768 193 1822 Cne.
208 1770 301 1822 xxm.
316 1786 339 1821 1.
357 1770 414 1820 Hoc
432 1768 463 1831 est
476 1769 556 1835 pedes.
577 1765 624 1818 Pes
636 1766 761 1818 Romanus

76 1854 142 1894 erat
166 1845 289 1894 unciarum
307 1845 453 1906 duodecim,
476 1860 529 1910 quae
551 1839 661 1891 efficiunt
690 1856 761 1889 men·

74 1916 142 1969 suri
160 1917 239 1966 nostri
264 1917 394 1967 Parisiensi
417 1917 522 1983 pollices
554 1929 602 1974 10,
617 1914 701 1977 lineas·
713 1926 763 1976 10,

76 2007 142 2042 cum
165 1990 236 2040 lineae
254 1992 363 2057 pastibus
375 2005 419 2058 09.
435 1988 545 2057 Stadium
557 1983 763 2054 aequabateaidem

75 2062 168 2118 nostri
183 2063 295 2114 mensuri
311 2064 450 2130 hexapedas
470 2078 526 2137 94»,
540 2057 571 2152 ἦ.
637 2066 643 2078 ’

125 2172 153 2208 2.
173 2155 319 2208 Posidonius
336 2176 384 2208 non
406 2157 483 2208 mimis
507 2159 672 2227 quadraginta.
697 2156 764 2207 insi·

78 2248 150 2301 gues
176 2231 232 2282 sunt
251 2233 300 2282 illae
325 2231 450 2283 Posidonii
476 2233 614 2290 mensurae,
639 2248 692 2298 quae
712 2248 764 2281 non

82 2302 193 2356 multdm
215 2307 335 2355 recedunt
345 2309 473 2356 averitate
492 2305 704 2356 observationibus
717 2320 763 2352 no·

82 2378 127 2429 bis
150 2377 286 2440 comperti.
306 2378 392 2425 Nubes
412 2379 476 2425 enim
496 2378 523 2424 in
543 2376 633 2426 summi
656 2375 765 2424 altitudi-
822 2382 825 2389 '

83 2468 121 2502 ne
144 2467 157 2500 a
173 2448 239 2498 tetri
249 2448 487 2498 ascenduntcircites
497 2461 603 2513 3⁰i⁰⁰⁰·
613 2447 696 2512 pedes.
710 2446 765 2496 Nec

85 2525 138 2575 alia
156 2523 234 2573 ferme
252 2521 286 2571 est
301 2520 411 2570 mensura
433 2519 559 2570 Posidonii
580 2521 605 2568 in
617 2533 664 2570 xt..
676 2517 765 2569 stadiis.

86 2599 114 2649 A
141 2595 240 2646 turbido
259 2595 289 2645 ad
309 2594 402 2644 Lunam
429 2604 543 2643 numerat
567 2591 645 2642 vicies
667 2602 766 2643 centum

88 2670 169 2722 millia
187 2669 331 2730 stadiorum,
353 2684 406 2732 quae
428 2665 538 2725 efficiunt
562 2668 645 2716 leucas
672 2662 765 2715 nostras

90 2745 149 2803 82,
168 2756 230 2809 952.
251 2742 321 2792 Nunc
342 2741 469 2803 novimus,
492 2750 521 2790 ut
541 2739 590 2805 jam
607 2738 657 2789 dixi
673 2737 764 2803 supti,

90 2816 199 2868 mediam
218 2814 351 2867 distantiam
368 2814 442 2866 Lunae
460 2833 474 2865 a
490 2813 558 2866 terti
573 2811 623 2865 effe
641 2814 766 2864 leucatum
