2000 3609
205 216 571 294 manituti.
626 199 742 320 ⁶165

25 355 26 380 ¹
70 349 126 414 ter,
141 334 281 420 usquead
302 360 376 421 quos
395 340 522 404 diximus
532 339 681 404 tetuinus.
689 340 741 406 Ab

74 417 111 477 his
130 420 375 502 retrogradiuntur
393 421 429 481 ad
450 418 568 494 Solem,
586 423 618 483 ἃ
638 421 740 486 occasu
827 438 831 448 '

75 495 226 579 vespertino
238 499 416 563 delitescunt.
426 500 549 562 Venetis
558 500 637 562 stella
646 504 678 568 δι
687 501 741 564 sta·

72 579 154 640 tiones
171 580 260 656 duas,
278 583 444 641 matutinam
469 580 741 678 vespertinamque,

74 659 106 718 ab
129 676 251 742 utroque
281 679 385 723 exortu
399 660 501 736 satit,
526 684 545 722 a
567 662 618 723 lon
639 664 742 726 'sumit

75 736 200 802 distantiae
218 739 275 802 suae
294 740 419 803 finibus:
433 741 596 818 Mercurii,
630 745 741 806 aciones

75 818 198 916 breviore
218 839 390 897 momento,
408 822 497 905 quim
514 840 547 884 ur
562 823 742 906 deprehendi

111 919 183 963 sunt.

76 919 187 1043 poXIII.
211 983 282 1044 Haec
294 981 335 1044 est
349 983 491 1052 luminum
507 983 746 1046 occultationum-

78 1081 126 1143 que
146 1065 240 1137 ratio,
264 1084 302 1145 pe
338 1062 430 1124 lexior
457 1080 567 1138 motu,
589 1063 745 1145 multisque

77 1141 193 1205 involuta
211 1145 318 1204 miracu
330 1146 363 1204 is.
394 1140 543 1225 Siquidem
567 1144 744 1227 magnitudi-

78 1242 120 1283 nes
137 1223 195 1284 suas
215 1225 248 1285 δι
268 1224 381 1286 colotes
409 1241 546 1299 mutant,
574 1227 607 1287 δι
628 1225 741 1288 eaedetn

77 1303 108 1362 td
126 1301 366 1386 septemtrionem
389 1305 552 1379 accedunt,
577 1306 743 1388 abeuntque

76 1383 108 1443 ad
120 1382 271 1459 Austrum,
289 1382 427 1467 terrisque
443 1387 595 1468 propiores
606 1403 656 1452 aut
666 1387 740 1450 celo

78 1466 185 1544 repente
204 1484 375 1528 cernuntur:
396 1467 426 1538 in
445 1468 548 1548 quibus
560 1466 641 1528 aliter
653 1467 743 1532 multa

78 1544 154 1626 quim
170 1548 300 1628 priores,
318 1546 464 1620 tradituri,
483 1546 605 1616 feremur
624 1567 659 1608 ea
668 1568 745 1629 quo-

81 1644 126 1706 que
144 1627 258 1689 illorum
274 1625 330 1689 ess'e
352 1629 479 1687 muneris
490 1672 500 1702 ,
510 1628 559 1709 qui
570 1628 656 1708 primi
666 1647 745 1707 quae·

80 1707 149 1782 tendi
159 1710 219 1770 vias
230 1705 491 1768 demonstraverint
503 1728 511 1767 ε
522 1707 621 1767 'modo
631 1727 668 1767 ne
679 1711 744 1789 quis

81 1785 202 1870 desperet
219 1787 331 1849 saecule
343 1785 486 1869 proficere
506 1785 628 1867 semper.
655 1785 745 1850 Pluri-

81 1864 125 1928 bus
137 1870 173 1931 de
188 1868 284 1931 causis
302 1867 363 1926 haec
381 1869 478 1926 omnia
488 1866 635 1926 accidunt.

81 1990 84 1996 ,
113 1946 203 2009 Prima
214 1946 408 2019 circulorum,
422 1966 495 2041 quos
516 1943 615 2007 Gtaeci
628 1941 745 2022 ἀψῖδας

81 2025 197 2094 instellis
213 2045 344 2110 vocant:
364 2045 473 2088 etenim
484 2024 744 2100 Graecisuteudum

23 2127 46 2140 ··
81 2109 128 2169 erit
141 2110 298 2184 vocabulis.
316 2105 388 2170 Sunt
406 2126 504 2170 autem
521 2108 564 2192 ‘hi‘
577 2107 618 2171 sui
638 2111 745 2192 cuique

79 2207 186 2267 etrum,
204 2192 308 2272 aliique
336 2188 422 2273 qudm
456 2191 567 2252 mundo
580 2193 743 2273 aquenum

82 2284 149 2329 retra
166 2293 181 2331 a
196 2272 349 2333 verticibus
371 2271 505 2345 dnobus,
522 2293 597 2352 quos
613 2272 744 2353 appella-

82 2368 174 2412 verunt
191 2351 299 2426 Polus,
313 2368 444 2413 centrum
462 2351 526 2410 caeli
541 2350 599 2418 est,
617 2371 672 2410 nec
682 2370 746 2410 non

82 2417 220 2510 Signiferi,
238 2433 358 2513 oblique
381 2432 456 2489 inter
479 2448 533 2488 eos
555 2431 609 2487 siri.
633 2426 745 2489 omnia

72 2527 168 2571 entem
183 2514 242 2573 haec
263 2509 397 2573 constant
426 2511 536 2569 ratione
556 2508 653 2566 circini
674 2506 746 2566 sem·

84 2608 130 2669 per
145 2593 306 2654 indubitati·
328 2590 407 2673 Ergo
427 2589 464 2650 ab'
484 2589 543 2660 alio
557 2589 660 2670 cuique
675 2607 746 2647 cene
856 2627 858 2632 -

84 2684 127 2727 tro
143 2672 250 2735 absides
268 2672 324 2734 suae
344 2669 640 2755 exurgnnt‚-ideoque
647 2667 746 2728 diver·

83 2739 127 2836 ξοδ
148 2752 249 2834 habeut
273 2742 377 2832 crb'et,
397 2748 745 2851 motusque-dissimilem
