2000 3609
203 294 649 362 TESTIMONIA.
699 309 760 359 m

84 397 181 467 mnis‘,
196 402 258 455 clim
274 418 354 455 omne
368 401 513 455 studiorum
530 420 612 472 genus
628 406 708 472 paulo
724 402 759 457 ti·

87 477 172 530 letius
194 478 222 528 δι
240 476 374 538 ειεὲὶίιις,
393 477 571 544 periculosum
588 477 701 530 servitus
719 478 760 534 fe·

84 549 170 602 ciffet.
188 550 214 601 A
232 547 287 601 fine
306 547 406 600 Aufidii
428 548 504 602 bassi
523 548 658 619 ,triginta
680 566 759 604 unus.

83 624 196 689 Nantrae
221 621 390 673 historiarum
414 621 522 692 triginta
545 624 646 691 septem
664 660 672 685 ,
688 640 759 690 optat

84 695 212 748 diffusum
221 695 368 759 ‚eruditum
377 728 384 758 ,
393 712 441 748 uec
450 695 539 748 mitaris
550 696 668 758 vatium,
680 695 760 765 quam
811 751 813 762 ,

84 767 143 837 ipsa
168 783 271 821 natura.
298 767 426 832 Miraris,
444 766 520 839 qubd
537 783 579 822 tot
597 769 760 835 volumina,

84 845 223 911 multaque
239 841 267 893 in
280 841 314 893 iis
330 853 384 894 tam
399 842 566 912 scrupulosa,
579 844 665 896 homo
681 859 761 896 occu·

84 930 164 984 patus
180 914 323 967 absolverit
335 915 346 965 i
357 915 443 985 Magis
459 916 614 981 miraberis,
629 916 655 969 si
669 916 760 978 scieris

84 988 164 1041 illum
183 988 335 1056 aliquandiu
352 989 441 1042 causas
459 987 598 1051 adiitaffe,
623 989 762 1041 decessisse

85 1078 159 1113 anno
173 1061 250 1113 sexto
266 1062 294 1113 ἃ
309 1061 533 1130 quinquagesimo
543 1077 551 1111 ι
561 1060 680 1113 medium
693 1074 763 1114 tem·

85 1152 141 1203 pus
157 1134 295 1186 distentum
307 1133 520 1202 impeditumque
532 1131 584 1201 qui
599 1132 694 1186 officiis
708 1150 764 1190 ma·

86 1205 187 1270 ximis‚
196 1206 246 1276 qui
256 1206 373 1260 amicitii
384 1206 535 1279 principum
544 1205 633 1276 egiffe.
645 1208 763 1261 Sederat

87 1296 151 1334 acte
166 1280 321 1349 ingenium,
339 1280 492 1334 incredibile
508 1279 640 1344 studium,
660 1281 762 1346 summa

68 1354 238 1425 .rrigilatttia.
253 1354 398 1408 Lucubrare
410 1371 426 1407 a
439 1355 631 1407 Vulcanalibus
646 1352 762 1422 incipie-

86 1426 150 1489 bat,
165 1444 222 1480 non
234 1427 385 1496 auspicandi
399 1426 476 1481 causi
487 1455 495 1491 ,·
507 1428 551 1479 sed
566 1426 699 1490 studendi,
712 1427 763 1488 sta·

85 1499 138 1553 tim
154 1518 170 1553 a
183 1500 261 1554 nodie
276 1501 378 1555 multa:
393 1501 482 1554 hieme
498 1499 565 1553 verb
581 1502 613 1553 ab
623 1500 690 1553 hori
701 1501 762 1569 sep·

82 1573 170 1638 timi,
180 1573 465 1644 velclrmtatdissime,
477 1573 587 1637 ociavd,
596 1573 665 1640 saepe
675 1574 761 1638 sexti.

83 1646 150 1715 Erat
168 1645 231 1700 san'e
248 1647 336 1700 somni
355 1646 538 1715 paratissimi,
558 1653 762 1716 nonnumquam

82 1719 171 1773 etiam
182 1720 253 1773 inter
265 1720 320 1789 ipsa
331 1720 413 1773 studia
423 1719 559 1781 instantis,
572 1720 598 1771 δι
608 1720 762 1786 deserentis.

80 1794 158 1919 stote
176 1795 265 1846 lucem
284 1793 338 1845 ibat
356 1794 389 1845 ad
404 1792 597 1860 Vespasianum
616 1792 763 1860 imperato·

114 1884 144 1919 m
166 1884 174 1920 ι
193 1883 257 1918 nam
275 1866 321 1917 ille
340 1882 447 1934 quoque
471 1863 595 1917 noctibus
613 1868 735 1917 utebatur
754 1885 763 1918 ι

15 1941 17 1944 ’
80 1939 149 1995 inde
175 1939 211 1990 ad
234 1936 461 2008 delegatum‘sibi
483 1937 610 1990 officium.
633 1934 764 2004 Reversus

67 2015 228 2075 ‘domum,
249 2011 322 2079 quod
345 2009 476 2079 reliquum
500 2009 655 2080 temporis,
672 2012 762 2067 studiis

46 2096 49 2101 '
82 2086 220 2139 reddebat.
246 2084 307 2138 Post
321 2084 409 2138 cibum
433 2085 518 2168 sape,
539 2102 618 2154 quem
643 2073 761 2141 interdiu

81 2161 178 2213 levem
197 2160 224 2213 δι
246 2158 351 2212 facilem
369 2148 494 2212 vetetum‘
516 2176 591 2213 more
614 2161 760 2220 sumebat,

81 2232 193 2296 aestate,
214 2231 320 2302 siquid
337 2231 407 2293 otii,
426 2232 574 2298 iacebatin
591 2234 674 2288 Sole.
691 2234 761 2287 libet

83 2307 247 2377 legebatur,
265 2307 404 2359 adnotabat
421 2345 429 2370 ,
448 2308 668 2375 excerpebatque.
684 2307 761 2359 Nihil

82 2380 162 2431 enim
178 2384 303 2448 umquam
320 2379 410 2449 legit,
429 2381 503 2448 quod
520 2395 577 2430 nort
595 2395 763 2444 excerperet.

83 2453 187 2507 Dicere
197 2453 277 2506 etiam
289 2453 406 2514 solebat,
421 2453 524 2503 nullum
535 2449 587 2501 effe
597 2450 694 2500 librum
707 2464 763 2501 tam

51 2525 58 2542 ¹
83 2528 217 2591 malum,
233 2540 264 2579 ut
282 2542 339 2577 non
363 2518 452 2592 aliqui
470 2535 597 2590 exparte
620 2519 763 2589 prodeffet.

84 2598 152 2654 Post
176 2600 265 2652 Solem
290 2600 452 2667 plerumque
481 2595 577 2666 frigidi
613 2596 763 2647 lavabatur.

83 2671 195 2732 Deinde
222 2671 357 2757 gqstabat,
381 2668 581 2738 dormiebatque
608 2666 762 2726 minimum.

85 2747 161 2799 Mox
176 2745 268 2815 quasi
271 2744 325 2800 alio
343 2744 403 2807 die,
422 2743 563 2797 studebat‘
556 2760 584 2794 ιιι
602 2758 673 2795 ceoae
691 2757 760 2795 tem·

85 2835 148 2887 pus.
161 2819 247 2887 Supet
256 2819 324 2871 hanc
334 2815 403 2874 hbet
412 2817 562 2886 legebatur
571 2817 760 2881 adnotabatur,

85 2892 114 2954 δι
127 2892 243 2965 quidem
251 2890 359 2949 cuts'ttn.
364 2889 488 2948 Memini
500 2892 638 2961 quemdam
649 2906 685 2942 ex
694 2889 760 2943 ami·

621 2960 644 3022 b
