2000 3609
187 326 191 335 ,
219 259 422 333 Hrsaon.
436 261 510 334 Lib.
527 264 584 338 Ill.
685 270 756 368 263

50 383 226 458 montonis
247 385 276 442 in
296 381 356 442 duo
374 380 487 443 diversa
502 386 591 447 maria
609 386 753 472 projeelin

56 510 62 519 .
99 462 146 525 V.
165 485 195 539 4.
216 463 416 524 Narbonensis
431 466 582 543 provincia
594 472 753 552 appellatur

52 565 130 695 pars
137 544 307 608 Galliarum
315 589 325 617 ‚
333 563 397 625 quae
407 545 522 605 interno
533 552 602 608 mari
612 551 752 626 adluitur,

88 643 213 686 saccata
230 624 299 684 ame
317 623 413 697 diua,
430 645 515 686 amne
535 626 614 690 Varo
641 631 676 692 ab
694 631 753 692 lta·

55 706 99 766 lid
123 705 271 780 discreta,
286 704 465 787 Alpiumque
487 707 537 768 vel
563 708 752 773 saluberrimis

54 786 209 848 Romano
225 788 348 867 imperio
376 784 461 869 jugis.
489 787 520 848 A
543 789 654 873 reliqui
679 793 754 855 vero

56 865 268 935 ‚Galliilarere
280 864 522 948 septemtrionali,
536 874 682 935 montibus
690 870 754 935 Ge·

56 948 167 1008 benni
186 949 221 1009 δι
234 947 320 1009 Jurd:
333 967 468 1030 agrorum
487 951 585 1027 cultu,
600 955 753 1031 virorum,

60 1046 247 1110 morumque
260 1028 442 1111 dignatione,
455 1030 644 1110 amplitudine
650 1055 755 1115 opum,

60 1109 142 1173 nulli
159 1111 377 1189 provinciarum
392 1108 593 1189 postferenda,
610 1115 756 1175 breviter⁴

63 1210 127 1272 que
149 1188 232 1250 Italia
246 1191 344 1250 verius
360 1189 448 1271 qudm
464 1194 624 1271 provincia.
648 1193 683 1255 In
700 1194 753 1256 ord

61 1273 154 1419 agio
161 1268 337 1410 §andqi-rum,
349 1268 479 1410 intrplsque
490 1267 753 1418 {opsuaranppum

101 1372 226 1413 umrna:
274 1371 373 1422 ecum,
424 1371 494 1411 erno
516 1374 534 1413 u
554 1375 627 1418 rum.
729 1380 753 1416 1·

64 1431 106 1495 da
123 1454 131 1493 ε
147 1430 295 1506 Iluberis,
308 1452 423 1514 magnae
440 1434 587 1514 quondam
610 1379 752 1498 urbisple·

65 1533 128 1579 une
151 1511 320 1594 vestigium:
337 1512 479 1587 Ruscino,
491 1513 667 1579 Latinorum.
678 1517 760 1578 Flu·¹

67 1614 144 1657 men
171 1593 286 1655 Araxe
308 1592 450 1674 Pyrenaeo
478 1595 659 1657 Rubrensem
687 1618 754 1678 per·

65 1694 176 1737 means
196 1673 314 1735 lacum:
334 1673 435 1735 Narbo
454 1674 755 1748 Martius‚Decnma·

66 1776 181 1823 norum
208 1754 341 1829 colonia,
358 1770 416 1816 xn.
439 1773 476 1815 u.
494 1753 562 1836 pasl.
580 1777 596 1815 a
615 1758 685 1818 mari
708 1757 755 1816 di-

70 1834 161 1897 stans.
182 1835 335 1896 Flumina:
360 1834 499 1907 Arauris,
522 1834 607 1896 litia.
634 1834 756 1919 Oppida

69 1917 110 1989 de
139 1932 247 1978 cetero
279 1934 362 1987 rara,
411 1912 607 1994 rejacentibus
631 1915 755 1998 stagnis:

72 1994 195 2081 ¹Agatha
212 1993 361 2077 quondam
417 1994 756 2079 assiliensium‚&regio

71 2076 241 2140 Volcarum
258 2072 465 2158 Tedlosagum:
482 2093 568 2157 atque
587 2077 636 2137 ubi
650 2076 756 2140 Rhoda

72 2157 262 2220 Rhodiorum
279 2153 351 2230 suit,
372 2156 450 2218 unde
469 2157 561 2218 didus
578 2159 672 2221 multo
685 2154 757 2237 Gal·

62 2240 181 2301 ‘liamm
200 2236 388 2298 fertilissimus
410 2236 568 2301 Rhodanus
588 2242 699 2315 amnis,
719 2262 756 2303 ex
882 2276 885 2279 ,

73 2318 205 2401 Alpibus
223 2316 252 2379 se
265 2321 379 2400 rapiens
392 2339 443 2398 per
452 2318 632 2380 Lemannum
641 2323 756 2394 lacum,

76 2400 255 2483 segnemque
277 2398 411 2459 deserens
430 2398 565 2471 Ararim,
590 2419 644 2459 nec
662 2402 758 2460 minus

77 2479 174 2562 seipso
186 2495 331 2541 torrentes
339 2476 462 2548 Isaram,
471 2480 504 2538 δι
513 2476 695 2547 Druentiam.
709 2477 760 2539 Li·

77 2563 146 2623 biea
162 2559 341 2642 appellantur
357 2553 493 2623 duoe'us
505 2577 557 2616 ora
577 2557 710 2633 modica:
720 2577 760 2619 ex

79 2643 127 2709 liis
141 2642 265 2703 alterum
284 2580 487 2720 Hispaniense,
497 2637 618 2699 altemm
631 2625 761 2721 Metapi-

80 2743 153 2787 num
167 2723 338 2798 eternium,
369 2719 506 2803 idemque
532 2719 758 2802 amplissimum,

81 2801 314 2873 tudelionum.
343 2800 415 2867 Sunt
438 2800 595 2876 nudiores,
616 2802 649 2877 &
666 2800 760 2875 Herm
