2000 3609
68 331 71 338 ·
184 283 277 356 Ἠι
293 304 314 356 s
331 301 442 357 ron.
463 279 591 360 uiuit.
695 277 771 381 217⁶

89 399 143 467 But
166 404 324 467 videatur.
354 405 497 467 eadema
525 404 632 468 Rhodo
657 407 774 468 terraru’

92 486 308 568 quodammodo
326 486 417 568 ipsam
438 486 574 583 stringere
596 511 603 549 ε
624 490 653 548 in
670 487 774 550 Ponto'

90 569 208 627 omnino
226 588 286 627 non
306 585 458 639 cernatur,
478 567 528 626 ub1
543 570 666 628 maxime
681 568 767 629 subli-

88 648 143 707 mis
159 645 337 728 septemtrio.
357 646 439 708 Idem
456 668 473 706 a
491 646 600 708 Rhodo
618 646 774 710 abscondis

89 741 149 799 tur,
165 726 313 810 magisque
332 726 524 789 Alexandriae.
537 728 570 792 In
583 727 692 789 Arabia
701 727 769 789 No·

87 807 203 868 vembri
219 806 318 867 mense
358 808 429 869 rima
443 809 544 891 vigilis
565 808 712 883 occultus,
725 808 776 869 se-'

88 887 184 948 cundi
203 885 232 948 se
249 830 389 950 ostendit:
400 891 432 949 in
444 888 552 950 Meroe
567 888 687 951 solstitio
701 886 778 951 ves-¹

88 970 153 1050 peri
176 967 319 1051 paulisper
341 988 490 1052 apparet,
517 970 672 1053 paucisque
705 987 776 1031 ante¹

88 1063 224 1110 exortunr
244 1049 368 1109 Areten
382 1051 482 1110 diebus
508 1053 616 1130 pariter
637 1070 705 1110 curn
724 1051 772 1109 die

87 1132 228 1190 cernitur.
251 1129 457 1212 Navigantiurn
473 1130 538 1191 haec
560 1131 684 1192 maxime
703 1137 779 1190 cur-¹

86 1209 136 1271 fus
161 1210 397 1292 deprehendunt,
414 1213 443 1269 in
456 1212 511 1271 alia
528 1210 664 1285 adverse,
675 1213 703 1272 in
716 1210 779 1271 alia·

86 1304 185 1374 prono
205 1293 297 1362 mari,
317 1289 470 1431 subitbtppe
493 1291 671 1374 conspicuis,
683 1301 776 1375 atque'

55 1399 58 1404 ·
86 1388 122 1432 ut
139 1392 156 1432 e
171 1369 250 1433 sreto
266 1375 422 1456 emergenti
444 1392 497 1447 us,
517 1393 581 1456 quae
598 1375 628 1434 in
646 1371 775 1436 anfractu

54 1491 57 1496 >
108 1452 157 1513 ’lae
179 1451 307 1524 latuere,
327 1454 475 1515 sideribus.
491 1453 599 1537 Neque
620 1456 698 1515 enim
717 1452 773 1535 (ut

140 1553 190 1593 ere
217 1533 303 1615 aliqui
320 1532 334 1616 )
362 1534 487 1595 mundus
507 1535 565 1596 hoe
580 1535 654 1617 polo
676 1527 777 1595 excell

87 1616 168 1675 siore
184 1612 213 1673 se
229 1614 352 1687 attollit3
368 1633 416 1675 aut
436 1614 564 1697 undique
585 1631 774 1676 cernerentur

87 1694 154 1755 baec
169 1693 284 1756 sidera:
299 1696 404 1754 verum
415 1695 479 1753 haec
500 1695 606 1756 eadent
616 1692 774 1778 quibusque

86 1853 776 1947 n

86 1937 118 1997 in
139 1933 261 2014 dejetlu
279 1935 382 2014 posius
401 1932 520 1992 videtur
535 1934 582 1993 hic
599 1950 718 2008 vertex,
736 1937 777 1994 sic

88 2018 171 2091 illam
191 2032 278 2074 terrae
292 2012 491 2073 devexitatem
513 2012 711 2097 transgressis,
729 2013 777 2076 illa

88 2098 119 2159 se
137 2094 297 2163 attollunt,
321 2093 510 2154 residentibus
531 2115 595 2176 quae
615 2095 663 2157 hic
680 2098 776 2158 excel·

89 2178 120 2239 sa
131 2175 266 2237 fuerant:
284 2175 382 2259 quod,
398 2176 495 2236 nisiin
513 2174 607 2261 figuti
624 2175 712 2262 pilae,
729 2199 775 2240 at*

88 2259 193 2321 cidere
206 2278 268 2316 non
279 2255 387 2398 pollet.
424 2265 428 2278 ’·
471 2283 477 2294 ‘

92 2353 97 2364 ·
134 2335 258 2399 Lxxll.
295 2338 411 2421 deoque
427 2337 555 2399 desedius
569 2336 646 2401 Solis
664 2361 696 2399 ac
716 2339 776 2402 Lu⁴

55 2443 57 2446 ’
90 2437 141 2482 nae
163 2417 339 2499 vespertinos
363 2419 483 2477 orientis
510 2418 612 2476 incolae
630 2438 690 2477 non
711 2415 776 2476 sen·

91 2505 171 2561 tiunt
183 2519 192 2558 ε
202 2518 261 2559 nec
280 2498 438 2558 matutinos
451 2496 488 2554 ad
500 2495 634 2555 occasum
648 2497 780 2556 habitan*

92 2595 160 2642 tes:
178 2579 355 2639 meridianos
370 2578 444 2637 verb
454 2574 564 2655 saepius.
587 2571 689 2635 Nobili
700 2576 778 2657 apud

93 2660 237 2723 Arabiam
254 2680 301 2718 tna
321 2659 351 2717 ni
370 2656 530 2718 Alexandri
548 2654 687 2727 nilons,
698 2655 778 2736 Luni

94 2738 234 2801 deiecisse
250 2760 289 2798 no
316 2742 340 2799 is
363 2736 488 2799 secundi
507 2737 580 2798 hori
618 2734 775 2802 roditaesl:

15 2847 16 2850 ¹
95 2819 307 2960 gademwe1iu
320 2817 618 2961 SitilidexorienuK
642 2818 676 2880 lis
696 2814 777 2888 defui

140 2903 243 2965 Tamus
275 2941 285 2963 .
