2000 3609
244 274 605 344 LECTORI.
703 272 759 347 xix

76 390 158 479 laepe
186 412 420 472 memoratum,
446 395 480 458 δι
506 397 559 479 qui
586 393 630 459 est
659 398 758 462 totius

81 486 184 567 operis
203 484 296 546 index
319 485 502 547 utilissimus
517 529 538 558 ν
552 483 690 547 falsitatis
707 503 757 547 ar·

79 575 173 656 guit,
196 573 363 636 levissimis
389 588 442 634 aut
467 571 572 656 potius
601 574 693 635 nullis
719 573 758 637 tle

79 663 204 735 causis,
217 676 253 723 ut
273 663 410 742 comperi
429 680 468 723 ex
488 659 556 742 ejus
577 660 703 743 epistola
720 662 758 723 ad

74 750 235 811 eruditum
256 749 498 832 Papebrochium
519 748 638 831 scripti.
660 750 758 812 Num·
801 747 803 756 ⁵

78 839 136 899 mis
158 857 214 919 per
238 837 370 900 initiales
392 838 496 900 literas
523 839 683 920 explicatis
697 838 757 901 al>

75 923 150 988 usus
172 924 239 998 est,
260 942 296 987 ut
317 924 472 987 historiam
493 926 532 986 ad
548 927 668 989 libitum
684 946 758 990 vet·
798 971 801 980 .
853 928 858 939 '

75 1028 170 1076 teret.
189 1012 281 1076 Caeci
302 1015 417 1089 etiam,
434 1030 470 1076 ut
488 1030 649 1095 parentum
669 1016 702 1074 in
721 1014 758 1075 li·

79 1103 174 1165 beros
185 1135 201 1176 ,·
214 1103 258 1163 sie
277 1103 309 1162 in
328 1100 396 1163 suas
417 1102 582 1182 opiniones
600 1100 760 1182 indulgetu-

80 1187 144 1263 tii,
156 1190 192 1250 iis
204 1205 239 1250 ut
257 1187 563 1265 oveten-nonnula
581 1189 671 1252 Plinii
687 1189 758 1272 loce

78 1278 300 1359 interpolavit,
315 1275 463 1359 notasque
480 1276 624 1359 plurimas
640 1277 757 1341 adulte·

81 1367 174 1428 ravit.
185 1366 303 1429 Verum
322 1381 407 1428 tanta
417 1377 484 1427 etat
500 1368 603 1448 operis
614 1365 758 1448 praestan‘·

80 1456 143 1527 tia,
163 1468 199 1514 ut
215 1452 283 1533 ejus
297 1451 408 1517 famam
425 1469 518 1535 atque
535 1454 697 1516 utilitatem
713 1454 758 1515 la·

75 1540 234 1605 befaliare
250 1544 374 1606 minime
389 1542 531 1603 valuerit.
547 1542 596 1604 Sic
613 1560 758 1623 compro·

79 1631 187 1694 batum
222 1630 305 1711 quod
335 1629 559 1692 Illustrissimus
592 1631 758 1704 Euenus,

79 1719 221 1782 eruditus
240 1716 301 1800 ipse
322 1718 356 1780 u
374 1717 555 1802 singularis,
575 1718 669 1799 paulo
685 1716 758 1781 anti

78 1807 118 1870 tle
141 1806 304 1868 Harduino
330 1801 448 1872 dixerat
471 1828 520 1867 :u
540 1806 681 1887 Triginta
702 1806 757 1866 ab}

80 1920 100 1954 n
120 1896 198 1957 hinc
218 1895 308 1954 annis
325 1893 499 1966 allaborat,
521 1907 556 1955 ut
574 1893 680 1973 gloriae
699 1891 759 1956 suae

80 2008 100 2042 n
123 1996 360 2045 monumentum
379 1993 519 2046 evertat:
534 1978 583 2043 sed
600 1981 687 2043 irrito
701 2000 756 2044 co⁴

81 2097 101 2130 n
124 2087 201 2133 natu
214 2096 244 2133 n.
260 2070 358 2133 Immo
379 2070 474 2132 altera
490 2068 556 2132 haec
569 2070 685 2146 editio,
704 2070 759 2135 vel

77 2157 143 2223 ¹suis
155 2179 226 2222 cum
239 2160 344 2233 vitiis,
363 2160 474 2241 prioris
493 2156 605 2224 famam
615 2158 760 2235 sustinet,

82 2248 127 2309 illi
148 2250 240 2310 etiam
255 2248 297 2309 ob
315 2246 589 2330 locupletissimum
607 2250 758 2323 indicem
789 2267 791 2272 ·

78 2353 142 2400 ‘nec
162 2335 232 2398 latis
252 2355 395 2417 umquam
416 2335 621 2408 laudandum,
641 2334 759 2397 antefe

84 2423 189 2500 tenda
202 2421 318 2490 lterum
333 2421 444 2486 excusa
455 2422 499 2483 est
514 2422 645 2496 Basileia
657 2421 761 2504 (falsi

84 2513 169 2574 enim
188 2510 311 2593 praefert
327 2510 514 2574 Parisiorum
531 2505 666 2591 nomen)
678 2525 763 2570 anno

79 2620 102 2738 ’,Ι
111 2619 202 2747 7lllue
218 2680 298 2749 stetit
312 2686 459 2748 hailenus
477 2686 510 2747 in
521 2647 645 2750 edendo
659 2683 760 2749 Plinio

80 2753 253 2861 diligentia.
270 2773 425 2864 Quosdam
441 2790 542 2843 tamen
559 2790 661 2860 partes
676 2772 763 2861 post-
