2000 3609
196 273 199 276 ·
261 244 333 346 358'
379 230 877 317 &Ptr'rrerArbm
991 235 992 280 s

258 367 414 449 Oppidum
423 363 585 425 Talabrica.
600 359 773 444 Oppidum,
784 364 821 425 &
833 359 951 424 flumen
991 347 992 418 i

256 450 427 511 AEminium.
451 444 589 527 Oppida:
603 440 811 516 conimbrica,
828 442 951 527 Collip-
991 439 992 472 ¹

257 550 321 612 po,
338 528 564 589 Eburobritium.
584 522 716 584 Excurrit
736 523 888 586 deindein
909 524 952 584 al·

257 627 322 671 tum
333 606 416 670 vasto
431 628 522 667 cornu
532 607 788 688 promontorium,
800 606 887 687 quod
900 606 949 665 alii
991 635 992 680 1

257 689 417 753 Artabrum
434 685 693 768 appellavere,alii
703 703 842 768 magnum
848 686 950 759 ,mul-
991 739 992 778 p

257 768 376 831 tiOlisi
398 766 523 836 onense,
543 766 579 828 ab
599 766 733 847 oppido,
756 782 869 840 terras,
883 788 949 826 ma·
991 785 992 834 ς

257 854 317 923 ria,
335 790 438 909 caeibm
458 846 666 908 disterminans.
688 845 743 907 Illo
759 844 861 907 finitur
880 845 950 907 His
991 843 992 890 ἶ

259 932 351 1014 paniae
359 930 432 989 latus
442 975 452 1003 ,
462 930 494 990 δι
504 951 521 987 a
532 930 652 988 circuitu
662 925 726 1008 ejus
738 929 841 1066 incipit
851 926 948 989 frons.

279 1060 281 1066 .
302 1032 352 1072 22·
367 1008 544 1091 septemtrio
566 1008 653 1081 hinc,
672 1028 787 1068 oceanu
800 1029 859 1090 que
869 1006 948 1069 Gal·
991 1023 992 1026 ’

258 1091 350 1162 licus,
368 1089 486 1150 occasus
504 1089 603 1159 illinc,
621 1091 655 1151 δι
670 1109 799 1149 oceanus
812 1087 946 1149 Atlanti·

259 1193 321 1232 eus.
342 1171 536 1232 Promontorii
550 1167 700 1229 excursum
720 1187 772 1231 Lx.
789 1187 826 1230 m.
841 1170 947 1250 prodi·

259 1253 349 1325 dere,
366 1251 412 1311 alii
432 1267 487 1312 xe.
502 1270 539 1312 Μ.
558 1247 626 1330 pass.
646 1250 698 1311 Ad
710 1249 944 1332 Pyrenaeumin'·

258 1333 298 1393 de
313 1353 374 1392 non
392 1333 476 1413 pauci
495 1335 542 1399 ῐᾱι.
560 1332 765 1413 quinquaginta
780 1331 892 1405 millia,
908 1332 944 1393 &
991 1347 992 1352 ’

257 1414 298 1472 ibi
310 1429 428 1494 gentem
438 1411 616 1484 Artabrum,
630 1432 695 1493 quar
707 1432 868 1493 numquam
878 1410 943 1486 fuit,
991 1429 992 1468 3

257 1490 408 1556 manifesto
430 1511 540 1552 errore.
569 1490 744 1553 Arrotrebas
757 1494 853 1567 enim,
866 1513 943 1573 quos
991 1503 992 1506 ’

258 1591 325 1645 ante
334 1571 477 1635 Celticum
487 1572 610 1633 diximus
620 1572 944 1653 promontorium,hoc
991 1645 992 1648 Ἴ

258 1657 289 1717 in
312 1654 380 1714 loco
398 1651 522 1734 posuere
542 1653 631 1714 literis
650 1656 829 1735 permutatis.
991 1661 992 1666 ’

299 1733 434 1795 Erratum
457 1735 491 1795 &
512 1735 543 1792 in
567 1734 697 1794 amnibus
728 1734 855 1815 inclytis.
890 1733 942 1796 Ab

258 1815 377 1888 Minio,
390 1834 479 1897 quem
499 1811 738 1895 supradiximus,
756 1833 809 1877 ce.
821 1833 857 1876 u.
872 1813 941 1896 pass'.

258 1893 941 1978 (utausborestVarro)abestAEminius,quem

258 1976 333 2036 alibi*
345 1975 462 2058 quidam
481 1976 664 2058 intelligunt,
680 1977 712 2037 δι
732 1977 871 2037 Litnaeam
881 1997 942 2038 vo·

259 2074 347 2129 cant,
363 2055 531 2117 Obliuionis
552 2058 674 2139 antiquis
689 2055 795 2130 disius,
805 2058 943 2119 multitm·
991 2099 992 2110 ,

259 2155 317 2215 que
343 2133 498 2195 fabulosus.
514 2134 563 2196 Ab
584 2135 680 2199 Durio
708 2135 808 2221 Tagus
829 2156 883 2199 ce.
903 2156 943 2199 ut.

258 2211 406 2297 passuum,
423 2216 637 2279 interveniente
646 2218 767 2279 Munda.
779 2217 881 2300 Tagus
889 2240 944 2279 an·

258 2294 352 2356 riseris
368 2298 463 2357 arenis
485 2296 656 2360 celebratur.
685 2297 789 2360 Abeo
805 2315 881 2361 cun
901 2315 941 2361 n.
991 2307 992 2334 ³

259 2375 387 2460 passuum
417 2383 650 2458 promontorium
671 2377 790 2440 Sacrum
806 2400 824 2440 e
840 2379 946 2441 medii

258 2477 313 2542 pro
336 2459 352 2519 ὲ
378 2458 521 2533 Hispaniae
547 2459 643 2522 fronte
663 2460 800 2542 prosilit:
821 2463 882 2530 ᾗ.
900 2477 940 2520 κ.

259 2560 297 2621 pa
320 2583 328 2599 .
350 2539 418 2610 inde
440 2540 477 2599 ad
501 2539 622 2621 Pyrenae
701 2542 832 2602 medium
854 2540 941 2602 colli·

258 2619 408 2701 giVarro
422 2620 517 2680 tradi.
584 2621 797 2702 ⁴Anamverb,
812 2642 871 2703 quo
883 2620 944 2681 Lu·
991 2667 992 2700 3

258 2701 387 2760 sitaniam
406 2699 423 2759 a'
442 2696 549 2761 Batitas
581 2700 789 2777 discrevimus,
819 2718 943 2763 cxxvu.
991 2721 992 2766 ὲ

258 2796 296 2841 κ.
317 2778 444 2861 pass'uurn
456 2800 468 2842 τΔ
482 2802 501 2841 a
519 2779 651 2846 Gadibus
666 2802 722 2849 cu.
740 2800 779 2847 nt.
802 2779 874 2865 pass}
886 2782 947 2845 ad·
991 2791 992 2844 ἶ
