<?xml version="1.0" encoding="UTF-8"?>
<!DOCTYPE html PUBLIC "-//W3C//DTD XHTML 1.0 Transitional//EN"
    "http://www.w3.org/TR/xhtml1/DTD/xhtml1-transitional.dtd">
<html xmlns="http://www.w3.org/1999/xhtml" xml:lang="en" lang="en">
 <head>
  <title>
</title>
<meta http-equiv="Content-Type" content="text/html;charset=utf-8" />
  <meta name='ocr-system' content='tesseract 3.04.00' />
  <meta name='ocr-capabilities' content='ocr_page ocr_carea ocr_par ocr_line ocrx_word'/>
</head>
<body>
  <div class='ocr_page' id='page_1' title='image "./caiipliniisecun00goog_0034.png"; bbox 0 0 2000 3609; ppageno 0'>
   <div class='ocr_carea' id='block_1_1' title="bbox 237 307 790 392">
    <p class='ocr_par' dir='ltr' id='par_1_1' title="bbox 237 307 790 392">
     <span class='ocr_line' id='line_1_1' title="bbox 237 307 790 392; baseline -0.002 -20"><span class='ocrx_word' id='word_1_1' title='bbox 237 307 311 392; x_wconf 50' lang='lat' dir='ltr'>¹xlvj</span> <span class='ocrx_word' id='word_1_2' title='bbox 355 310 790 372; x_wconf 66' lang='lat' dir='ltr'>morinorum</span> 
     </span>
    </p>
   </div>
   <div class='ocr_carea' id='block_1_2' title="bbox 178 414 927 1956">
    <p class='ocr_par' dir='ltr' id='par_1_2' title="bbox 178 414 927 1956">
     <span class='ocr_line' id='line_1_2' title="bbox 243 414 927 486; baseline 0 -17"><span class='ocrx_word' id='word_1_3' title='bbox 243 416 282 470; x_wconf 83' lang='lat' dir='ltr'>cis</span> <span class='ocrx_word' id='word_1_4' title='bbox 299 454 308 481; x_wconf 82' lang='lat'>,</span> <span class='ocrx_word' id='word_1_5' title='bbox 326 416 387 471; x_wconf 82' lang='lat' dir='ltr'>crim</span> <span class='ocrx_word' id='word_1_6' title='bbox 404 417 490 470; x_wconf 62' lang='lat' dir='ltr'>ledor</span> <span class='ocrx_word' id='word_1_7' title='bbox 509 418 627 486; x_wconf 84' lang='lat' dir='ltr'>quaedam</span> <span class='ocrx_word' id='word_1_8' title='bbox 646 414 841 485; x_wconf 83' lang='lat' dir='ltr'>pronuntiass&#39;et</span> <span class='ocrx_word' id='word_1_9' title='bbox 858 430 927 485; x_wconf 82' lang='lat' dir='ltr'>per·</span> 
     </span>
     <span class='ocr_line' id='line_1_3' title="bbox 242 489 926 560; baseline 0.003 -17"><span class='ocrx_word' id='word_1_10' title='bbox 242 507 354 559; x_wconf 80' lang='lat' dir='ltr'>peram,</span> <span class='ocrx_word' id='word_1_11' title='bbox 373 489 526 555; x_wconf 83' lang='lat' dir='ltr'>revocasse,</span> <span class='ocrx_word' id='word_1_12' title='bbox 546 491 573 543; x_wconf 76' lang='grc' dir='ltr'>δι</span> <span class='ocrx_word' id='word_1_13' title='bbox 592 490 677 558; x_wconf 90' lang='lat' dir='ltr'>repeti</span> <span class='ocrx_word' id='word_1_14' title='bbox 697 489 811 560; x_wconf 80' lang='lat' dir='ltr'>coegiffe</span> <span class='ocrx_word' id='word_1_15' title='bbox 833 490 926 555; x_wconf 84' lang='lat' dir='ltr'>‚huic</span> 
     </span>
     <span class='ocr_line' id='line_1_4' title="bbox 242 561 927 623; baseline -0.001 -7"><span class='ocrx_word' id='word_1_16' title='bbox 242 566 404 617; x_wconf 76' lang='lat' dir='ltr'>avunculum</span> <span class='ocrx_word' id='word_1_17' title='bbox 420 581 511 618; x_wconf 89' lang='lat' dir='ltr'>meum</span> <span class='ocrx_word' id='word_1_18' title='bbox 528 561 621 616; x_wconf 79' lang='lat' dir='ltr'>dixisse</span> <span class='ocrx_word' id='word_1_19' title='bbox 634 596 642 623; x_wconf 88' lang='lat'><strong><em>‚</em></strong></span> <span class='ocrx_word' id='word_1_20' title='bbox 656 565 830 617; x_wconf 84' lang='lat' dir='ltr'>intellexeras</span> <span class='ocrx_word' id='word_1_21' title='bbox 844 579 927 616; x_wconf 86' lang='lat' dir='ltr'>nem-</span> 
     </span>
     <span class='ocr_line' id='line_1_5' title="bbox 241 635 925 707; baseline -0.001 -16"><span class='ocrx_word' id='word_1_22' title='bbox 241 655 275 707; x_wconf 90' lang='lat' dir='ltr'>pe</span> <span class='ocrx_word' id='word_1_23' title='bbox 289 638 373 693; x_wconf 76' lang='lat' dir='ltr'>rcum</span> <span class='ocrx_word' id='word_1_24' title='bbox 392 637 438 690; x_wconf 91' lang='lat' dir='ltr'>ille</span> <span class='ocrx_word' id='word_1_25' title='bbox 456 635 607 699; x_wconf 75' lang='lat' dir='ltr'>annuiffet,</span> <span class='ocrx_word' id='word_1_26' title='bbox 623 655 639 680; x_wconf 73' lang='lat' dir='ltr'>u</span> <span class='ocrx_word' id='word_1_27' title='bbox 646 635 702 689; x_wconf 89' lang='lat' dir='ltr'>Cur</span> <span class='ocrx_word' id='word_1_28' title='bbox 719 653 785 706; x_wconf 84' lang='lat' dir='ltr'>ergo</span> <span class='ocrx_word' id='word_1_29' title='bbox 803 654 925 691; x_wconf 89' lang='lat' dir='ltr'>revoca·</span> 
     </span>
     <span class='ocr_line' id='line_1_6' title="bbox 232 709 926 779; baseline 0.004 -19"><span class='ocrx_word' id='word_1_30' title='bbox 232 735 256 762; x_wconf 69' lang='grc'>.»</span> <span class='ocrx_word' id='word_1_31' title='bbox 273 712 319 765; x_wconf 89' lang='lat' dir='ltr'>bas</span> <span class='ocrx_word' id='word_1_32' title='bbox 334 714 345 765; x_wconf 78' lang='lat' dir='ltr'>i</span> <span class='ocrx_word' id='word_1_33' title='bbox 360 713 450 764; x_wconf 89' lang='lat' dir='ltr'>decem</span> <span class='ocrx_word' id='word_1_34' title='bbox 467 710 582 779; x_wconf 76' lang='lat' dir='ltr'>amplius</span> <span class='ocrx_word' id='word_1_35' title='bbox 597 711 690 763; x_wconf 81' lang='lat' dir='ltr'>versus</span> <span class='ocrx_word' id='word_1_36' title='bbox 705 711 754 762; x_wconf 93' lang='lat' dir='ltr'>hac</span> <span class='ocrx_word' id='word_1_37' title='bbox 766 709 817 762; x_wconf 80' lang='lat' dir='ltr'>tud</span> <span class='ocrx_word' id='word_1_38' title='bbox 835 709 926 763; x_wconf 82' lang='lat' dir='ltr'>inter·</span> 
     </span>
     <span class='ocr_line' id='line_1_7' title="bbox 239 783 926 854; baseline -0.001 -16"><span class='ocrx_word' id='word_1_39' title='bbox 239 808 257 838; x_wconf 68' lang='lat' dir='ltr'>n</span> <span class='ocrx_word' id='word_1_40' title='bbox 275 785 422 854; x_wconf 88' lang='lat' dir='ltr'>pellatione</span> <span class='ocrx_word' id='word_1_41' title='bbox 440 784 586 853; x_wconf 78' lang='lat' dir='ltr'>perdimus.</span> <span class='ocrx_word' id='word_1_42' title='bbox 606 784 690 836; x_wconf 89' lang='lat' dir='ltr'>Tanta</span> <span class='ocrx_word' id='word_1_43' title='bbox 708 797 766 837; x_wconf 87' lang='lat' dir='ltr'>erat</span> <span class='ocrx_word' id='word_1_44' title='bbox 783 783 926 852; x_wconf 87' lang='lat' dir='ltr'>parsimo-</span> 
     </span>
     <span class='ocr_line' id='line_1_8' title="bbox 239 856 925 927; baseline 0 -18"><span class='ocrx_word' id='word_1_45' title='bbox 239 883 255 909; x_wconf 63' lang='grc' dir='ltr'><em>η</em></span> <span class='ocrx_word' id='word_1_46' title='bbox 275 860 318 911; x_wconf 88' lang='lat' dir='ltr'>nia</span> <span class='ocrx_word' id='word_1_47' title='bbox 330 858 470 926; x_wconf 88' lang='lat' dir='ltr'>temporis.</span> <span class='ocrx_word' id='word_1_48' title='bbox 482 883 497 908; x_wconf 84' lang='lat' dir='ltr'>tt</span> <span class='ocrx_word' id='word_1_49' title='bbox 506 858 634 927; x_wconf 84' lang='lat' dir='ltr'>Surgebat</span> <span class='ocrx_word' id='word_1_50' title='bbox 644 856 730 910; x_wconf 74' lang='lat' dir='ltr'>astate</span> <span class='ocrx_word' id='word_1_51' title='bbox 740 873 755 909; x_wconf 92' lang='lat' dir='ltr'>a</span> <span class='ocrx_word' id='word_1_52' title='bbox 764 857 830 909; x_wconf 73' lang='lat' dir='ltr'>ceni</span> <span class='ocrx_word' id='word_1_53' title='bbox 840 859 901 910; x_wconf 88' lang='lat' dir='ltr'>luce</span> <span class='ocrx_word' id='word_1_54' title='bbox 912 896 925 923; x_wconf 84' lang='lat'>,</span> 
     </span>
     <span class='ocr_line' id='line_1_9' title="bbox 236 928 925 999; baseline 0 -16"><span class='ocrx_word' id='word_1_55' title='bbox 236 930 327 984; x_wconf 86' lang='lat' dir='ltr'>hieme</span> <span class='ocrx_word' id='word_1_56' title='bbox 343 931 412 985; x_wconf 88' lang='lat' dir='ltr'>inter</span> <span class='ocrx_word' id='word_1_57' title='bbox 426 931 540 998; x_wconf 90' lang='lat' dir='ltr'>primam</span> <span class='ocrx_word' id='word_1_58' title='bbox 559 928 661 989; x_wconf 76' lang='lat' dir='ltr'>noctis,</span> <span class='ocrx_word' id='word_1_59' title='bbox 679 931 854 999; x_wconf 84' lang='lat' dir='ltr'>&amp;tamquam</span> <span class='ocrx_word' id='word_1_60' title='bbox 870 931 925 983; x_wconf 81' lang='lat' dir='ltr'>ali-</span> 
     </span>
     <span class='ocr_line' id='line_1_10' title="bbox 238 1003 923 1075; baseline -0.001 -17"><span class='ocrx_word' id='word_1_61' title='bbox 238 1004 290 1074; x_wconf 76' lang='lat' dir='ltr'>qud</span> <span class='ocrx_word' id='word_1_62' title='bbox 307 1007 366 1075; x_wconf 79' lang='lat' dir='ltr'>lege</span> <span class='ocrx_word' id='word_1_63' title='bbox 383 1020 508 1074; x_wconf 80' lang='lat' dir='ltr'>cogente.</span> <span class='ocrx_word' id='word_1_64' title='bbox 522 1004 587 1056; x_wconf 80' lang='lat' dir='ltr'>Haec</span> <span class='ocrx_word' id='word_1_65' title='bbox 604 1003 674 1054; x_wconf 86' lang='lat' dir='ltr'>inter</span> <span class='ocrx_word' id='word_1_66' title='bbox 691 1003 797 1056; x_wconf 90' lang='lat' dir='ltr'>medios</span> <span class='ocrx_word' id='word_1_67' title='bbox 812 1005 923 1058; x_wconf 87' lang='lat' dir='ltr'>labores</span> 
     </span>
     <span class='ocr_line' id='line_1_11' title="bbox 237 1075 924 1148; baseline 0.001 -18"><span class='ocrx_word' id='word_1_68' title='bbox 237 1078 371 1148; x_wconf 85' lang='lat' dir='ltr'>Urbisque</span> <span class='ocrx_word' id='word_1_69' title='bbox 381 1078 536 1134; x_wconf 78' lang='lat' dir='ltr'>stemitum.</span> <span class='ocrx_word' id='word_1_70' title='bbox 552 1078 583 1129; x_wconf 87' lang='lat' dir='ltr'>ln</span> <span class='ocrx_word' id='word_1_71' title='bbox 601 1075 699 1129; x_wconf 81' lang='lat' dir='ltr'>secessu</span> <span class='ocrx_word' id='word_1_72' title='bbox 713 1077 800 1129; x_wconf 89' lang='lat' dir='ltr'>solum</span> <span class='ocrx_word' id='word_1_73' title='bbox 812 1077 924 1133; x_wconf 84' lang='lat' dir='ltr'>balinei</span> 
     </span>
     <span class='ocr_line' id='line_1_12' title="bbox 236 1148 923 1220; baseline 0.003 -18"><span class='ocrx_word' id='word_1_74' title='bbox 236 1165 343 1220; x_wconf 90' lang='lat' dir='ltr'>tempus</span> <span class='ocrx_word' id='word_1_75' title='bbox 355 1149 447 1203; x_wconf 82' lang='lat' dir='ltr'>studiis</span> <span class='ocrx_word' id='word_1_76' title='bbox 458 1151 634 1204; x_wconf 81' lang='lat' dir='ltr'>eximebatur.</span> <span class='ocrx_word' id='word_1_77' title='bbox 647 1150 715 1203; x_wconf 79' lang='lat' dir='ltr'>Ciam</span> <span class='ocrx_word' id='word_1_78' title='bbox 726 1148 788 1204; x_wconf 89' lang='lat' dir='ltr'>dico</span> <span class='ocrx_word' id='word_1_79' title='bbox 798 1150 900 1204; x_wconf 86' lang='lat' dir='ltr'>balinei</span> <span class='ocrx_word' id='word_1_80' title='bbox 912 1189 923 1217; x_wconf 83' lang='lat'><strong>‚</strong></span> 
     </span>
     <span class='ocr_line' id='line_1_13' title="bbox 228 1222 923 1295; baseline 0.001 -19"><span class='ocrx_word' id='word_1_81' title='bbox 228 1225 270 1276; x_wconf 86' lang='lat' dir='ltr'>de</span> <span class='ocrx_word' id='word_1_82' title='bbox 289 1223 462 1276; x_wconf 86' lang='lat' dir='ltr'>interioribus</span> <span class='ocrx_word' id='word_1_83' title='bbox 481 1225 590 1292; x_wconf 85' lang='lat' dir='ltr'>loquor.</span> <span class='ocrx_word' id='word_1_84' title='bbox 609 1225 677 1276; x_wconf 87' lang='lat' dir='ltr'>Nam</span> <span class='ocrx_word' id='word_1_85' title='bbox 695 1224 759 1275; x_wconf 89' lang='lat' dir='ltr'>dum</span> <span class='ocrx_word' id='word_1_86' title='bbox 777 1222 923 1295; x_wconf 81' lang='lat' dir='ltr'>destringi·</span> 
     </span>
     <span class='ocr_line' id='line_1_14' title="bbox 229 1296 923 1366; baseline 0.007 -20"><span class='ocrx_word' id='word_1_87' title='bbox 229 1309 297 1360; x_wconf 59' lang='lat' dir='ltr'>stur,</span> <span class='ocrx_word' id='word_1_88' title='bbox 314 1296 496 1365; x_wconf 65' lang='lat' dir='ltr'>tergumque,</span> <span class='ocrx_word' id='word_1_89' title='bbox 514 1296 636 1349; x_wconf 81' lang='lat' dir='ltr'>audiebat</span> <span class='ocrx_word' id='word_1_90' title='bbox 654 1296 755 1366; x_wconf 90' lang='lat' dir='ltr'>aliquid</span> <span class='ocrx_word' id='word_1_91' title='bbox 769 1310 815 1348; x_wconf 90' lang='lat' dir='ltr'>aut</span> <span class='ocrx_word' id='word_1_92' title='bbox 831 1297 923 1351; x_wconf 72' lang='lat' dir='ltr'>dista-</span> 
     </span>
     <span class='ocr_line' id='line_1_15' title="bbox 229 1368 920 1439; baseline -0.001 -14"><span class='ocrx_word' id='word_1_93' title='bbox 229 1371 290 1426; x_wconf 81' lang='lat' dir='ltr'>bat.</span> <span class='ocrx_word' id='word_1_94' title='bbox 310 1372 341 1422; x_wconf 89' lang='lat' dir='ltr'>ln</span> <span class='ocrx_word' id='word_1_95' title='bbox 355 1368 477 1433; x_wconf 80' lang='lat' dir='ltr'>itinere,</span> <span class='ocrx_word' id='word_1_96' title='bbox 493 1370 569 1439; x_wconf 88' lang='lat' dir='ltr'>quasi</span> <span class='ocrx_word' id='word_1_97' title='bbox 588 1370 691 1424; x_wconf 86' lang='lat' dir='ltr'>solutus</span> <span class='ocrx_word' id='word_1_98' title='bbox 709 1368 804 1423; x_wconf 86' lang='lat' dir='ltr'>ceteris</span> <span class='ocrx_word' id='word_1_99' title='bbox 823 1370 920 1439; x_wconf 80' lang='lat' dir='ltr'>curis,</span> 
     </span>
     <span class='ocr_line' id='line_1_16' title="bbox 230 1442 922 1499; baseline 0.003 -3"><span class='ocrx_word' id='word_1_100' title='bbox 230 1442 298 1496; x_wconf 83' lang='lat' dir='ltr'>buie</span> <span class='ocrx_word' id='word_1_101' title='bbox 317 1442 364 1499; x_wconf 86' lang='lat' dir='ltr'>uni</span> <span class='ocrx_word' id='word_1_102' title='bbox 382 1444 501 1498; x_wconf 79' lang='lat' dir='ltr'>vacabat.</span> <span class='ocrx_word' id='word_1_103' title='bbox 518 1445 559 1496; x_wconf 79' lang='lat' dir='ltr'>Ad</span> <span class='ocrx_word' id='word_1_104' title='bbox 575 1446 644 1496; x_wconf 82' lang='lat' dir='ltr'>latur</span> <span class='ocrx_word' id='word_1_105' title='bbox 663 1444 783 1498; x_wconf 88' lang='lat' dir='ltr'>notarius</span> <span class='ocrx_word' id='word_1_106' title='bbox 799 1460 862 1497; x_wconf 88' lang='lat' dir='ltr'>cum</span> <span class='ocrx_word' id='word_1_107' title='bbox 880 1445 922 1498; x_wconf 89' lang='lat' dir='ltr'>li·</span> 
     </span>
     <span class='ocr_line' id='line_1_17' title="bbox 236 1516 921 1587; baseline 0.001 -17"><span class='ocrx_word' id='word_1_108' title='bbox 236 1519 286 1570; x_wconf 89' lang='lat' dir='ltr'>bro</span> <span class='ocrx_word' id='word_1_109' title='bbox 306 1517 332 1569; x_wconf 73' lang='grc' dir='ltr'>δι</span> <span class='ocrx_word' id='word_1_110' title='bbox 347 1516 536 1587; x_wconf 84' lang='lat' dir='ltr'>pugillaribus,</span> <span class='ocrx_word' id='word_1_111' title='bbox 556 1516 631 1585; x_wconf 84' lang='lat' dir='ltr'>cujus</span> <span class='ocrx_word' id='word_1_112' title='bbox 645 1534 738 1572; x_wconf 87' lang='lat' dir='ltr'>manus</span> <span class='ocrx_word' id='word_1_113' title='bbox 751 1516 841 1570; x_wconf 88' lang='lat' dir='ltr'>hieme</span> <span class='ocrx_word' id='word_1_114' title='bbox 857 1535 921 1571; x_wconf 87' lang='lat' dir='ltr'>ma·</span> 
     </span>
     <span class='ocr_line' id='line_1_18' title="bbox 230 1590 921 1660; baseline 0.001 -18"><span class='ocrx_word' id='word_1_115' title='bbox 230 1590 305 1643; x_wconf 81' lang='lat' dir='ltr'>-nieis</span> <span class='ocrx_word' id='word_1_116' title='bbox 325 1590 529 1654; x_wconf 85' lang='lat' dir='ltr'>muniebantur,</span> <span class='ocrx_word' id='word_1_117' title='bbox 542 1605 573 1643; x_wconf 93' lang='lat' dir='ltr'>ut</span> <span class='ocrx_word' id='word_1_118' title='bbox 588 1607 621 1643; x_wconf 83' lang='lat' dir='ltr'>ne</span> <span class='ocrx_word' id='word_1_119' title='bbox 637 1591 696 1643; x_wconf 81' lang='lat' dir='ltr'>caeli</span> <span class='ocrx_word' id='word_1_120' title='bbox 714 1591 822 1659; x_wconf 91' lang='lat' dir='ltr'>quidem</span> <span class='ocrx_word' id='word_1_121' title='bbox 839 1591 921 1660; x_wconf 79' lang='lat' dir='ltr'>aspe-</span> 
     </span>
     <span class='ocr_line' id='line_1_19' title="bbox 178 1660 921 1733; baseline 0.004 -17"><span class='ocrx_word' id='word_1_122' title='bbox 178 1660 180 1664; x_wconf 70' lang='grc'>’</span> <span class='ocrx_word' id='word_1_123' title='bbox 232 1665 300 1717; x_wconf 82' lang='lat' dir='ltr'>ritas</span> <span class='ocrx_word' id='word_1_124' title='bbox 321 1666 406 1717; x_wconf 90' lang='lat' dir='ltr'>ullum</span> <span class='ocrx_word' id='word_1_125' title='bbox 423 1664 514 1720; x_wconf 86' lang='lat' dir='ltr'>studiis</span> <span class='ocrx_word' id='word_1_126' title='bbox 532 1680 637 1733; x_wconf 86' lang='lat' dir='ltr'>tempus</span> <span class='ocrx_word' id='word_1_127' title='bbox 654 1666 778 1732; x_wconf 74' lang='lat' dir='ltr'>eriperet.</span> <span class='ocrx_word' id='word_1_128' title='bbox 797 1663 859 1729; x_wconf 72' lang='lat' dir='ltr'>Qud</span> <span class='ocrx_word' id='word_1_129' title='bbox 879 1682 921 1720; x_wconf 84' lang='lat' dir='ltr'>ex</span> 
     </span>
     <span class='ocr_line' id='line_1_20' title="bbox 222 1736 921 1809; baseline -0.001 -15"><span class='ocrx_word' id='word_1_130' title='bbox 222 1738 314 1794; x_wconf 34' lang='lat' dir='ltr'>ncausd</span> <span class='ocrx_word' id='word_1_131' title='bbox 330 1739 424 1791; x_wconf 78' lang='lat' dir='ltr'>Romae</span> <span class='ocrx_word' id='word_1_132' title='bbox 441 1756 550 1809; x_wconf 83' lang='lat' dir='ltr'>quoque</span> <span class='ocrx_word' id='word_1_133' title='bbox 565 1738 628 1791; x_wconf 74' lang='lat' dir='ltr'>selld</span> <span class='ocrx_word' id='word_1_134' title='bbox 642 1739 797 1791; x_wconf 85' lang='lat' dir='ltr'>vehebatur.</span> <span class='ocrx_word' id='word_1_135' title='bbox 808 1736 921 1806; x_wconf 85' lang='lat' dir='ltr'>Repeto</span> 
     </span>
     <span class='ocr_line' id='line_1_21' title="bbox 230 1811 921 1881; baseline 0 -16"><span class='ocrx_word' id='word_1_136' title='bbox 230 1827 280 1865; x_wconf 83' lang='lat' dir='ltr'>me</span> <span class='ocrx_word' id='word_1_137' title='bbox 291 1828 443 1881; x_wconf 86' lang='lat' dir='ltr'>correptum</span> <span class='ocrx_word' id='word_1_138' title='bbox 457 1814 488 1865; x_wconf 89' lang='lat' dir='ltr'>ab</span> <span class='ocrx_word' id='word_1_139' title='bbox 503 1828 538 1865; x_wconf 84' lang='lat' dir='ltr'>eo</span> <span class='ocrx_word' id='word_1_140' title='bbox 548 1850 556 1874; x_wconf 84' lang='lat'><strong>‚</strong></span> <span class='ocrx_word' id='word_1_141' title='bbox 567 1811 626 1864; x_wconf 77' lang='lat' dir='ltr'>cum</span> <span class='ocrx_word' id='word_1_142' title='bbox 637 1812 799 1864; x_wconf 80' lang='lat' dir='ltr'>ambularem</span> <span class='ocrx_word' id='word_1_143' title='bbox 811 1829 818 1864; x_wconf 80' lang='lat' dir='ltr'>t</span> <span class='ocrx_word' id='word_1_144' title='bbox 832 1828 849 1854; x_wconf 68' lang='lat' dir='ltr'>u</span> <span class='ocrx_word' id='word_1_145' title='bbox 859 1811 921 1865; x_wconf 89' lang='lat' dir='ltr'>Po·</span> 
     </span>
     <span class='ocr_line' id='line_1_22' title="bbox 235 1885 921 1956; baseline 0.006 -20"><span class='ocrx_word' id='word_1_146' title='bbox 235 1911 251 1937; x_wconf 60' lang='grc' dir='ltr'><strong>υ</strong></span> <span class='ocrx_word' id='word_1_147' title='bbox 270 1902 359 1950; x_wconf 85' lang='lat' dir='ltr'>teras,</span> <span class='ocrx_word' id='word_1_148' title='bbox 380 1885 493 1956; x_wconf 82' lang='lat' dir='ltr'>inquit,</span> <span class='ocrx_word' id='word_1_149' title='bbox 518 1886 565 1938; x_wconf 87' lang='lat' dir='ltr'>has</span> <span class='ocrx_word' id='word_1_150' title='bbox 586 1885 665 1936; x_wconf 89' lang='lat' dir='ltr'>horas</span> <span class='ocrx_word' id='word_1_151' title='bbox 685 1900 741 1937; x_wconf 89' lang='lat' dir='ltr'>non</span> <span class='ocrx_word' id='word_1_152' title='bbox 765 1885 876 1953; x_wconf 85' lang='lat' dir='ltr'>perdere</span> <span class='ocrx_word' id='word_1_153' title='bbox 888 1912 921 1940; x_wconf 71' lang='lat' dir='ltr'>n.</span> 
     </span>
    </p>
   </div>
   <div class='ocr_carea' id='block_1_3' title="bbox 141 1958 920 2027">
    <p class='ocr_par' dir='ltr' id='par_1_3' title="bbox 141 1958 920 2027">
     <span class='ocr_line' id='line_1_23' title="bbox 141 1958 920 2027; baseline 0 -16"><span class='ocrx_word' id='word_1_154' title='bbox 141 1965 154 1972; x_wconf 82' lang='lat'><strong><em>&#39;</em></strong></span> <span class='ocrx_word' id='word_1_155' title='bbox 234 1960 324 2013; x_wconf 88' lang='lat' dir='ltr'>Perire</span> <span class='ocrx_word' id='word_1_156' title='bbox 340 1961 413 2013; x_wconf 86' lang='lat' dir='ltr'>enim</span> <span class='ocrx_word' id='word_1_157' title='bbox 427 1975 625 2026; x_wconf 31' lang='lat' dir='ltr'>omnevtempus</span> <span class='ocrx_word' id='word_1_158' title='bbox 639 1958 828 2020; x_wconf 89' lang='lat' dir='ltr'>arbitrabatur,</span> <span class='ocrx_word' id='word_1_159' title='bbox 840 1962 920 2027; x_wconf 81' lang='lat' dir='ltr'>qu&#39;od</span> 
     </span>
    </p>
   </div>
   <div class='ocr_carea' id='block_1_4' title="bbox 227 2030 920 2907">
    <p class='ocr_par' dir='ltr' id='par_1_4' title="bbox 227 2030 920 2907">
     <span class='ocr_line' id='line_1_24' title="bbox 227 2030 920 2101; baseline 0.001 -14"><span class='ocrx_word' id='word_1_160' title='bbox 227 2032 324 2087; x_wconf 68' lang='lat' dir='ltr'>zstudiis</span> <span class='ocrx_word' id='word_1_161' title='bbox 343 2039 411 2085; x_wconf 52' lang='lat' dir='ltr'>non*</span> <span class='ocrx_word' id='word_1_162' title='bbox 419 2032 609 2101; x_wconf 88' lang='lat' dir='ltr'>impertiretur.</span> <span class='ocrx_word' id='word_1_163' title='bbox 628 2033 684 2085; x_wconf 84' lang='lat' dir='ltr'>Hac</span> <span class='ocrx_word' id='word_1_164' title='bbox 700 2030 854 2085; x_wconf 86' lang='lat' dir='ltr'>intentione</span> <span class='ocrx_word' id='word_1_165' title='bbox 871 2047 920 2088; x_wconf 87' lang='lat' dir='ltr'>tot</span> 
     </span>
     <span class='ocr_line' id='line_1_25' title="bbox 235 2104 920 2174; baseline 0.006 -19"><span class='ocrx_word' id='word_1_166' title='bbox 235 2104 281 2157; x_wconf 81' lang='lat' dir='ltr'>lsta</span> <span class='ocrx_word' id='word_1_167' title='bbox 299 2105 440 2160; x_wconf 87' lang='lat' dir='ltr'>volumina</span> <span class='ocrx_word' id='word_1_168' title='bbox 462 2104 592 2173; x_wconf 77' lang='lat' dir='ltr'>peregit,</span> <span class='ocrx_word' id='word_1_169' title='bbox 613 2105 812 2174; x_wconf 73' lang='lat' dir='ltr'>eleciorumque</span> <span class='ocrx_word' id='word_1_170' title='bbox 836 2121 920 2159; x_wconf 83' lang='lat' dir='ltr'>com·</span> 
     </span>
     <span class='ocr_line' id='line_1_26' title="bbox 234 2177 917 2247; baseline 0.003 -17"><span class='ocrx_word' id='word_1_171' title='bbox 234 2179 381 2231; x_wconf 89' lang='lat' dir='ltr'>mentatios</span> <span class='ocrx_word' id='word_1_172' title='bbox 404 2193 511 2231; x_wconf 91' lang='lat' dir='ltr'>centum</span> <span class='ocrx_word' id='word_1_173' title='bbox 534 2178 669 2247; x_wconf 79' lang='lat' dir='ltr'>sexaginta</span> <span class='ocrx_word' id='word_1_174' title='bbox 691 2178 760 2232; x_wconf 90' lang='lat' dir='ltr'>mihi</span> <span class='ocrx_word' id='word_1_175' title='bbox 781 2177 917 2246; x_wconf 83' lang='lat' dir='ltr'>reliquit.</span> 
     </span>
     <span class='ocr_line' id='line_1_27' title="bbox 236 2250 918 2323; baseline 0.001 -19"><span class='ocrx_word' id='word_1_176' title='bbox 236 2251 438 2321; x_wconf 82' lang='lat' dir='ltr'>opistogtaphos</span> <span class='ocrx_word' id='word_1_177' title='bbox 455 2253 581 2320; x_wconf 85' lang='lat' dir='ltr'>quidem,</span> <span class='ocrx_word' id='word_1_178' title='bbox 598 2254 624 2305; x_wconf 82' lang='grc' dir='ltr'>δι</span> <span class='ocrx_word' id='word_1_179' title='bbox 640 2250 818 2306; x_wconf 72' lang='lat' dir='ltr'>minutissime</span> <span class='ocrx_word' id='word_1_180' title='bbox 828 2252 918 2323; x_wconf 86' lang='lat' dir='ltr'>scrip·</span> 
     </span>
     <span class='ocr_line' id='line_1_28' title="bbox 235 2325 919 2394; baseline 0.006 -16"><span class='ocrx_word' id='word_1_181' title='bbox 235 2340 299 2379; x_wconf 81' lang='lat' dir='ltr'>tos:</span> <span class='ocrx_word' id='word_1_182' title='bbox 318 2325 369 2393; x_wconf 82' lang='lat' dir='ltr'>qud</span> <span class='ocrx_word' id='word_1_183' title='bbox 385 2326 490 2378; x_wconf 84' lang='lat' dir='ltr'>ratione</span> <span class='ocrx_word' id='word_1_184' title='bbox 507 2326 699 2394; x_wconf 83' lang='lat' dir='ltr'>multiplicatur</span> <span class='ocrx_word' id='word_1_185' title='bbox 714 2326 760 2380; x_wconf 87' lang='lat' dir='ltr'>bic</span> <span class='ocrx_word' id='word_1_186' title='bbox 775 2342 919 2382; x_wconf 82' lang='lat' dir='ltr'>numerus.</span> 
     </span>
     <span class='ocr_line' id='line_1_29' title="bbox 233 2398 917 2468; baseline 0.004 -16"><span class='ocrx_word' id='word_1_187' title='bbox 233 2399 372 2453; x_wconf 85' lang='lat' dir='ltr'>Referebat</span> <span class='ocrx_word' id='word_1_188' title='bbox 390 2399 465 2468; x_wconf 88' lang='lat' dir='ltr'>ipse,</span> <span class='ocrx_word' id='word_1_189' title='bbox 482 2398 597 2468; x_wconf 80' lang='lat' dir='ltr'>potuisse</span> <span class='ocrx_word' id='word_1_190' title='bbox 614 2401 661 2466; x_wconf 91' lang='lat' dir='ltr'>se,</span> <span class='ocrx_word' id='word_1_191' title='bbox 677 2401 738 2453; x_wconf 80' lang='lat' dir='ltr'>cum</span> <span class='ocrx_word' id='word_1_192' title='bbox 755 2416 917 2468; x_wconf 85' lang='lat' dir='ltr'>procurater</span> 
     </span>
     <span class='ocr_line' id='line_1_30' title="bbox 233 2472 916 2542; baseline 0 -15"><span class='ocrx_word' id='word_1_193' title='bbox 233 2476 263 2527; x_wconf 89' lang='lat' dir='ltr'>in</span> <span class='ocrx_word' id='word_1_194' title='bbox 274 2473 402 2542; x_wconf 65' lang='lat' dir='ltr'>Hispanis</span> <span class='ocrx_word' id='word_1_195' title='bbox 413 2512 421 2538; x_wconf 83' lang='lat'>‚</span> <span class='ocrx_word' id='word_1_196' title='bbox 435 2475 552 2526; x_wconf 84' lang='lat' dir='ltr'>vendere</span> <span class='ocrx_word' id='word_1_197' title='bbox 560 2475 611 2526; x_wconf 88' lang='lat' dir='ltr'>hos</span> <span class='ocrx_word' id='word_1_198' title='bbox 626 2472 834 2527; x_wconf 87' lang='lat' dir='ltr'>commentarios</span> <span class='ocrx_word' id='word_1_199' title='bbox 845 2474 916 2527; x_wconf 81' lang='lat' dir='ltr'>Lar·</span> 
     </span>
     <span class='ocr_line' id='line_1_31' title="bbox 232 2546 915 2609; baseline 0 -7"><span class='ocrx_word' id='word_1_200' title='bbox 232 2548 275 2602; x_wconf 91' lang='lat' dir='ltr'>tio</span> <span class='ocrx_word' id='word_1_201' title='bbox 296 2548 404 2600; x_wconf 75' lang='lat' dir='ltr'>&#39;Licinio</span> <span class='ocrx_word' id='word_1_202' title='bbox 429 2560 535 2601; x_wconf 85' lang='lat' dir='ltr'>ccco.</span> <span class='ocrx_word' id='word_1_203' title='bbox 560 2548 678 2601; x_wconf 87' lang='lat' dir='ltr'>millibus</span> <span class='ocrx_word' id='word_1_204' title='bbox 704 2546 863 2609; x_wconf 77' lang='lat' dir='ltr'>nummum,</span> <span class='ocrx_word' id='word_1_205' title='bbox 886 2550 915 2602; x_wconf 89' lang='lat'>&amp;</span> 
     </span>
     <span class='ocr_line' id='line_1_32' title="bbox 227 2619 916 2688; baseline 0.004 -16"><span class='ocrx_word' id='word_1_206' title='bbox 227 2636 296 2674; x_wconf 37' lang='lat' dir='ltr'>,tunc</span> <span class='ocrx_word' id='word_1_207' title='bbox 311 2620 448 2688; x_wconf 88' lang='lat' dir='ltr'>aliquanto</span> <span class='ocrx_word' id='word_1_208' title='bbox 465 2619 605 2688; x_wconf 83' lang='lat' dir='ltr'>pauciores</span> <span class='ocrx_word' id='word_1_209' title='bbox 622 2633 705 2671; x_wconf 81' lang='lat' dir='ltr'>erant.</span> <span class='ocrx_word' id='word_1_210' title='bbox 721 2621 819 2672; x_wconf 86' lang='lat' dir='ltr'>Nonne</span> <span class='ocrx_word' id='word_1_211' title='bbox 835 2620 916 2675; x_wconf 77' lang='lat' dir='ltr'>vido·</span> 
     </span>
     <span class='ocr_line' id='line_1_33' title="bbox 227 2690 913 2762; baseline 0.004 -17"><span class='ocrx_word' id='word_1_212' title='bbox 227 2710 276 2745; x_wconf 74' lang='lat' dir='ltr'>rur</span> <span class='ocrx_word' id='word_1_213' title='bbox 291 2693 340 2747; x_wconf 87' lang='lat' dir='ltr'>tibi</span> <span class='ocrx_word' id='word_1_214' title='bbox 353 2690 503 2745; x_wconf 87' lang='lat' dir='ltr'>recordanti</span> <span class='ocrx_word' id='word_1_215' title='bbox 514 2691 642 2759; x_wconf 78' lang='lat' dir='ltr'>quantum</span> <span class='ocrx_word' id='word_1_216' title='bbox 656 2691 767 2762; x_wconf 80' lang='lat' dir='ltr'>legerit,</span> <span class='ocrx_word' id='word_1_217' title='bbox 782 2694 913 2762; x_wconf 79' lang='lat' dir='ltr'>quantism</span> 
     </span>
     <span class='ocr_line' id='line_1_34' title="bbox 233 2763 912 2832; baseline 0.006 -15"><span class='ocrx_word' id='word_1_218' title='bbox 233 2766 386 2832; x_wconf 84' lang='lat' dir='ltr'>scripserit,</span> <span class='ocrx_word' id='word_1_219' title='bbox 406 2763 499 2817; x_wconf 88' lang='lat' dir='ltr'>necin</span> <span class='ocrx_word' id='word_1_220' title='bbox 515 2764 610 2818; x_wconf 88' lang='lat' dir='ltr'>officiis</span> <span class='ocrx_word' id='word_1_221' title='bbox 626 2765 710 2829; x_wconf 85' lang='lat' dir='ltr'>ullis,</span> <span class='ocrx_word' id='word_1_222' title='bbox 727 2781 778 2819; x_wconf 87' lang='lat' dir='ltr'>uec</span> <span class='ocrx_word' id='word_1_223' title='bbox 793 2766 823 2818; x_wconf 91' lang='lat' dir='ltr'>in</span> <span class='ocrx_word' id='word_1_224' title='bbox 839 2768 912 2821; x_wconf 81' lang='lat' dir='ltr'>ami·</span> 
     </span>
     <span class='ocr_line' id='line_1_35' title="bbox 232 2835 911 2907; baseline 0.007 -18"><span class='ocrx_word' id='word_1_225' title='bbox 232 2838 298 2890; x_wconf 78' lang='lat' dir='ltr'>citii</span> <span class='ocrx_word' id='word_1_226' title='bbox 318 2838 469 2907; x_wconf 86' lang='lat' dir='ltr'>principum</span> <span class='ocrx_word' id='word_1_227' title='bbox 492 2836 568 2892; x_wconf 86' lang='lat' dir='ltr'>suiss&#39;e</span> <span class='ocrx_word' id='word_1_228' title='bbox 589 2835 600 2889; x_wconf 74' lang='lat' dir='ltr'>l</span> <span class='ocrx_word' id='word_1_229' title='bbox 623 2837 722 2892; x_wconf 87' lang='lat' dir='ltr'>Rursus</span> <span class='ocrx_word' id='word_1_230' title='bbox 752 2839 814 2892; x_wconf 83' lang='lat' dir='ltr'>citm</span> <span class='ocrx_word' id='word_1_231' title='bbox 834 2842 911 2895; x_wconf 89' lang='lat' dir='ltr'>audis</span> 
     </span>
    </p>
   </div>
   <div class='ocr_carea' id='block_1_5' title="bbox 233 2911 912 2990">
    <p class='ocr_par' dir='ltr' id='par_1_5' title="bbox 233 2911 912 2990">
     <span class='ocr_line' id='line_1_36' title="bbox 233 2911 912 2990; baseline 0.016 -29"><span class='ocrx_word' id='word_1_232' title='bbox 233 2911 298 2990; x_wconf 68' lang='lat' dir='ltr'>quid</span> <span class='ocrx_word' id='word_1_233' title='bbox 307 2911 400 2970; x_wconf 65' lang='lat' dir='ltr'>,studiis</span> <span class='ocrx_word' id='word_1_234' title='bbox 413 2912 512 2968; x_wconf 85' lang='lat' dir='ltr'>laboris</span> <span class='ocrx_word' id='word_1_235' title='bbox 527 2913 708 2983; x_wconf 71' lang='lat' dir='ltr'>impenderit„</span> <span class='ocrx_word' id='word_1_236' title='bbox 717 2930 767 2972; x_wconf 76' lang='lat' dir='ltr'>nec</span> <span class='ocrx_word' id='word_1_237' title='bbox 777 2913 912 2985; x_wconf 73' lang='lat' dir='ltr'>scripsiffs</span> 
     </span>
    </p>
   </div>
   <div class='ocr_carea' id='block_1_6' title="bbox 0 0 1004 3609">
    <p class='ocr_par' dir='ltr' id='par_1_6' title="bbox 0 0 1004 3609">
     <span class='ocr_line' id='line_1_37' title="bbox 0 0 1004 3609; baseline 0 3"><span class='ocrx_word' id='word_1_238' title='bbox 0 0 1004 3609; x_wconf 95' lang='lat' dir='ltr'> </span> 
     </span>
    </p>
   </div>
  </div>
 </body>
</html>
