2000 3609
244 228 313 303 266
363 225 837 299 C.·PrrurrNArva.

237 366 288 425 ,tut
305 365 401 420 terra,
416 346 548 407 omnium
565 360 707 421 terrarum
724 346 851 422 alumna,
867 356 916 409 e‘ai

238 430 309 490 dem
325 431 357 490 &
376 448 499 509 pareus,
511 427 628 486 numine
640 427 729 489 delam
740 428 914 511 elekla‚·quae

236 510 340 570 caelum
360 507 453 592 ipsum
469 507 571 568 clarius
589 506 714 582 faceret,
735 507 827 590 sparsa
843 531 913 570 cou-

235 607 369 674 gregaret
394 589 539 668 imperia,
563 586 687 670 ritusque
710 590 859 663 molliret,
878 593 913 655 &

235 688 283 733 tot
312 669 487 811 poqrulorum
518 667 663 729 discordes
698 668 827 752 ferasque
859 671 912 732 lira·

236 772 326 836 guas,
359 752 491 818 ermouir
504 751 685 810 commercio
713 752 912 817 contraheret:

235 833 402 915 colloquia,
422 833 455 893 &
473 829 680 893 humanitatem
692 830 803 896 homini
821 833 913 895 dareta

236 915 445 993 breviterque,
463 926 520 971 una
536 910 709 979 eunllarum
738 915 863 995 gentium
881 917 912 975 io

235 1012 304 1059 ‚toto
327 994 400 1055 orbe
419 994 510 1134 qatria
528 990 623 1061 fieret.
642 991 702 1054 Sed
721 993 791 1075 quid
844 995 911 1057 am?

236 1075 335 1141 ¹'lauta
349 1076 420 1136 nobi
432 1077 488 1135 'tasv
503 1076 636 1143 omnium
654 1015 911 1156 lucanumffquos

237 1159 302 1238 quis
322 1153 496 1239 attigeritl)
516 1172 594 1214 tanta
615 1173 712 1216 rerum
741 1155 911 1238 singularum

235 1237 471 1323 populorumque
482 1237 594 1295 claritas
606 1253 695 1296 tenet.
709 1235 788 1297 Urbs
797 1237 911 1310 Roma,

235 1319 287 1380 vel
305 1316 364 1378 sola
379 1320 409 1377 in
426 1317 475 1389 eal,
488 1317 522 1378 &
539 1317 699 1399 dignatam
715 1315 788 1378 festa
801 1319 913 1379 cervice

235 1396 341 1472 facies,
357 1419 418 1479 quo
435 1397 554 1457 taudem
570 1397 779 1460 narrari-debet
800 1419 820 1457 o
841 1398 912 1460 etei

197 1474 201 1481 ‘
235 1478 372 1559 Qualiter
390 1476 557 1559 Campaniae
575 1499 629 1545 ora
646 1499 698 1559 per
715 1477 769 1552 -se,
786 1419 913 1561 felaqur

235 1561 285 1621 illa
304 1582 338 1621 ac
357 1558 441 1621 beata
454 1560 621 1620 amoenitas?
633 1577 665 1620 ut
701 1559 839 1635 alamir,
853 1580 913 1625 uno

236 1644 268 1703 in
293 1642 361 1703 loco
379 1641 527 1725 gaudentis
544 1656 618 1722 opus
640 1654 658 1701 'e
683 1661 699 1701 e
717 1659 833 1701 naturae.
850 1641 913 1704 Jaut

151 1784 153 1791 ,
236 1724 312 1786 verb
331 1739 410 1784 tanta
426 1744 460 1783 ea
471 1721 565 1784 vitalis
582 1743 616 1782 ac
626 1724 771 1862 (perennis
796 1719 914 1783 salubri·

237 1807 303 1867 tatis
311 1805 372 1864 caeli
379 1805 550 1885 temperies,
559 1813 626 1863 tam*
638 1803 734 1864 ertiles
742 1805 846 1884 campi,
852 1821 914 1867 tam

236 1888 326 1967 aprici
341 1885 446 1958 colles,
467 1903 528 1944 ram
540 1885 650 1944 innoxii
660 1882 745 1944 saltus
754 1928 765 1958 ,
775 1901 835 1945 tam
845 1906 915 1966 opa-

236 1988 271 2029 ca
289 1986 429 2040 nemora,
444 1984 502 2027 tam
521 1962 658 2027 munifica
668 1965 805 2026 silvarum
824 1985 916 2048 geue-

233 2066 289 2118 ra,
305 2063 355 2107 tot
378 2049 522 2115 montium
542 2043 676 2118 afflatus,
696 2060 774 2107 tama
798 2044 916 2128 frugum

233 2126 269 2188 &
288 2128 410 2199 vitium,
426 2127 615 2208 olearumque
633 2126 778 2199 fertilitas,
789 2144 918 2189 tamno-

233 2204 302 2266 bilia
318 2207 418 2287 pecori
433 2207 557 2279 vellera,
574 2224 620 2268 tot
639 2211 739 2291 opima
756 2210 844 2269 tauris
856 2208 918 2269 col·

233 2286 282 2361 la,
303 2302 349 2348 tot
372 2287 472 2362 lacus,
500 2304 545 2349 tor
574 2291 701 2349 amnium
729 2288 919 2371 fontiumque

235 2369 374 2444 ubertas,
392 2386 484 2433 totam
496 2391 562 2431 eam
582 2370 773 2450 perfimdeus,
792 2384 838 2431 tot
851 2391 919 2431 ma-

234 2453 296 2525 ria,
315 2467 435 2533 portus,
449 2453 652 2536 gremiumque
672 2464 812 2514 terrarum
830 2472 919 2513 com·

234 2533 346 2593 mercio
362 2550 463 2612 patens
480 2534 605 2614 undique
622 2555 630 2594 r
649 2534 681 2596 &
704 2548 855 2614 tamquam
877 2533 918 2595 ad

232 2611 376 2692 juvandos
403 2614 558 2684 mortales,
586 2612 643 2694 ipsa
662 2613 748 2674 avide
772 2615 802 2673 in
825 2614 919 2677 maria

234 2712 416 2773 procurrens.
438 2691 544 2772 Neque
558 2695 690 2776 ingenia,
701 2692 861 2775 ritusque,
878 2715 919 2757 ae

234 2771 334 2845 uiros,
352 2773 386 2839 &
400 2773 499 2857 lingua
512 2794 657 2860 manuque
673 2773 820 2865 superatas
831 2796 924 2855 com·-
