2000 3609
172 254 415 325 ‘Hieron
438 233 566 323 Libssll.
652 272 725 345 209

50 383 124 439 nan
145 374 220 436 orbis
240 372 354 434 assidua
369 373 445 434 circa
465 393 531 434 eam
548 370 648 433 mundi
668 385 726 435 von·

55 457 183 518 lubilitate
198 472 335 538 cogente.

91 537 177 598 LXV.
198 536 247 617 65.
266 533 374 619 Ingens
392 533 439 595 hic
475 533 729 616 ugnaliteramnr‚'

58 620 202 698 contrique
220 617 322 698 vulgi:
340 616 417 675 circu
480 615 530 674 ndi
548 631 632 675 terrae
643 614 727 674 undi-

59 715 108 777 que
124 699 268 770 homines,
283 694 485 777 conversisque
501 697 576 755 inter
591 692 621 755 se
641 694 725 775 pedi·

60 778 104 837 bus
119 777 204 851 liare,
217 779 250 838 δι
267 775 374 837 cundiis
387 777 512 837 similem
520 773 578 836 effe
588 773 651 835 caeli
659 794 724 835 ver·

61 859 150 934 tieem,
164 879 195 918 ac
212 858 297 917 simili
315 856 405 917 modo
420 877 457 917 ex
467 875 649 938 quacumque
659 875 727 936 par-

60 953 85 998 te
93 940 213 999 mediam
223 937 343 998 calcari:
358 937 409 998 illo
420 954 586 1019 quaerente,
599 957 649 996 cur
661 942 724 998 non

62 1018 180 1079 decidant
201 1016 302 1079 contrd
319 1019 381 1078 siti:
398 1035 547 1098 tamquam
567 1037 627 1077 non
650 1018 727 1076 ratio

63 1099 152 1193 praesto
172 1101 226 1170 sit,
240 1116 272 1159 ut
292 1118 347 1159 nos
359 1118 419 1157 non
438 1097 573 1158 decidere
587 1098 730 1155 mirentur

64 1179 102 1239 ili.
121 1180 277 1240 Intervenit
296 1177 456 1252 sententia,
484 1179 617 1258 quamvis
641 1175 730 1237 indo-

64 1260 101 1319 cili
126 1259 278 1342 probabilis
313 1259 428 1331 turbae,
459 1257 591 1340 inaequali
615 1256 730 1339 glob03

65 1357 89 1401 ut
101 1343 122 1400 si
136 1344 171 1404 sit
190 1339 281 1423 figura
302 1341 394 1421 pineae
417 1340 520 1413 nucis,
540 1337 728 1398 nihilominus

66 1437 155 1482 terram
174 1422 302 1502 undique
325 1420 421 1481 incoli.
443 1418 501 1480 Sed
521 1419 590 1500 quid
608 1418 664 1480 hoc
678 1439 727 1481 re-

66 1499 110 1562 lert
129 1503 183 1563 alio
199 1499 339 1562 miraculo
359 1501 506 1562 exoriente
517 1501 529 1561 ἓ
540 1500 667 1581 pendere
679 1502 726 1581 ip-

68 1578 129 1655 sam,
149 1603 259 1644 aenon
283 1581 385 1642 cadere
407 1579 578 1653 nobiscum,
597 1601 651 1640 ceu
670 1578 687 1639 s
702 1582 728 1639 i-

68 1663 123 1723 ritis
138 1665 182 1725 vis
202 1661 313 1723 mundo
332 1660 488 1744 praesertirn
505 1660 622 1736 inclusi,
702 1662 729 1720 ia

67 1744 114 1802 vsit:
132 1762 179 1804 aut
196 1744 289 1825 possit
307 1742 428 1813 cadere,
447 1741 558 1800 naturi*
569 1757 732 1822 repugnen-

69 1823 158 1895 te,v&
180 1826 242 1904 quo
259 1820 361 1897 cadat,
387 1839 521 1901 negante.
551 1818 629 1880 Nam
655 1821 731 1882 sicut

71 1902 157 1983 ignium
166 1902 252 1963 sedes
261 1922 322 1960 non
336 1900 378 1961 est
390 1902 451 1959 'nisi
463 1899 636 1980 in'ignibus‚
646 1919 731 1995 aqua-

72 2003 120 2043 rum
133 1985 188 2043 nisi
208 1984 240 2042 in
254 1983 353 2062 aquis,
372 1978 483 2062 spiritis
507 1981 562 2039 nisi
577 1980 605 2038 in
618 1977 731 2075 spiritu:

71 2063 210 2136 interrae,
232 2061 393 2123 arcentibus
415 2057 538 2135 tundis,
561 2061 614 2120 nisi
631 2081 660 2120 rn
679 2058 729 2133 se,

71 2142 134 2204 locus
153 2165 213 2206 non
235 2140 286 2203 est.
314 2140 445 2203 Glohum
466 2158 562 2203 tamen
582 2139 658 2202 effici
673 2143 748 2204 nri·'

71 2244 121 2284 nun
134 2224 192 2301 est,
216 2226 247 2283 in
265 2223 341 2284 tanti
356 2224 474 2305 planitie
490 2225 597 2295 maris,
608 2244 729 2307 campo·

72 2324 181 2386 nmque.
198 2302 255 2365 Cui
271 2302 417 2365 sententiae
435 2303 514 2364 adest
523 2302 728 2377 Dicaearchus,

73 2386 145 2444 lirin
157 2387 254 2466 primis
276 2385 424 2456 eruditus,
439 2403 541 2464 regum
568 2385 637 2442 curi
661 2404 731 2462 per·

74 2464 165 2525 mensus
181 2482 316 2537 montes,
328 2484 364 2523 ex
374 2461 477 2543 quibus
487 2462 656 2520 altissimum
664 2479 734 2543 pro·

75 2543 132 2604 didit
146 2545 242 2606 Pelion
254 2590 264 2618 ,
277 2561 375 2603 Meci..
406 2538 533 2610 affuutn,
543 2541 654 2599 ratione
665 2559 734 2621 per-

75 2625 218 2703 pendiculi,
232 2624 367 2685 nullame
390 2641 483 2683 eeam
493 2621 659 2703 portionem
668 2620 733 2679 uni-

75 2703 149 2766 verse
161 2706 341 2767 rotunditatis
359 2703 508 2787 colligens.
529 2698 604 2760 Mihi
622 2702 746 2778 incerta¹

75 2781 245 2851 iaculetur
252 2783 421 2869 conjedlatio
427 2782 525 2864 ‚haud
537 2782 636 2865 ignaro
645 2779 735 2868 quos·
