2000 3609
199 273 739 367 q auuurro.
862 319 868 334 ,

207 395 241 457 δι
256 395 293 459 C.
308 392 442 457 Antistio
456 397 573 459 Vetere
588 395 782 473 consulibus,
796 408 887 462 anno‘

204 483 300 547 Urbis
319 484 451 548 conditae
470 499 664 548 ucctxxvu
678 484 748 548 Jesu
768 485 886 550 Christi

203 571 738 726 rabidissimi
757 592 913 725 figit

203 750 327 831 quidem
357 749 488 825 studio,
513 750 547 811 dt
573 752 697 813 virtutis
710 757 712 764 ’
725 750 885 833 laudisque

203 839 399 901 aemulatione
425 837 541 919 semper
562 838 721 902 excusato.
738 836 783 901 At
808 841 885 903 cum

203 926 318 989 Plinius
357 925 418 1009 ipse
450 924 607 988 Catullum
643 942 884 991 conterraneum
943 947 949 957 ·

202 1012 288 1078 suum
310 1012 369 1077 esse
389 1013 538 1088 fateatur,
557 1015 736 1096 antiquique
757 1016 884 1098 quidam

201 1103 288 1178 iibri,
304 1122 384 1185 quos
395 1121 478 1165 mter
488 1060 546 1164 Ms.
561 1103 638 1185 Reg.
654 1100 751 1165 680'1.
764 1123 883 1166 nomen

202 1192 252 1251 P
243 1212 294 1249 ιηιι
288 1193 342 1248 V
337 1193 456 1267 eronens
453 1213 468 1247 s
483 1189 666 1270 praeferant,
683 1191 766 1253 nulla
783 1212 881 1278 penqs

202 1277 339 1339 eruditos
364 1277 477 1351 viros,
501 1296 581 1358 quos
602 1280 735 1359 partium
758 1281 880 1344 vanitas

201 1384 267 1428 non
284 1364 438 1446 exagitat,
456 1320 586 1427 suboriri
600 1366 690 1442 debet
709 1363 878 1451 difficultas.
997 1401 998 1420 ι

190 1453 320 1531 ,Primos
349 1453 488 1536 pueritiae
513 1472 549 1515 ac
575 1452 748 1533 juventutis
779 1476 879 1520 annos

202 1542 265 1625 egit
292 1560 347 1623 per
375 1539 457 1610 foeda
472 1540 609 1618 Tiberii,
624 1543 656 1603 δι
682 1542 786 1605 insana
808 1545 879 1608 Caii

190 1628 331 1706 ¹Caesaris
343 1626 492 1713 tempora.
504 1629 596 1692 Haud
614 1630 722 1692 melior
740 1631 877 1715 adfulge·

200 1719 255 1782 bat
272 1713 338 1801 spes
355 1715 409 1782 sub
428 1717 560 1780 Claudio
579 1718 706 1792 hebete,
724 1721 878 1785 muliebri·

190 1806 338 1890 busque,
352 1824 404 1870 aut
423 1804 584 1869 servilibus
600 1807 742 1888 imperiis
764 1812 803 1871 In
819 1810 879 1873 hac

202 1913 376 1979 temporum
398 1891 552 1976 nequitid,
568 1892 718 2000 juvenilis
736 1898 879 1975 animus,

199 1986 330 2087 publicis
345 1982 530 2066 privatisque
542 1984 628 2044 vitiis
637 2004 731 2069 ,quae
745 1985 777 2047 in
792 1986 880 2050 Urbe

190 2075 234 2136 ,in
256 2070 317 2152 qui
339 2070 399 2132 fuit
421 2069 575 2133 institutus
600 2071 750 2134 continub
774 2071 879 2137 obser·

190 2157 379 2237 ,vabantur,
399 2157 562 2233 intadtus,
581 2158 612 2219 id
632 2161 767 2243 arripuit
792 2163 886 2244 quod

191 2307 195 2314 ,
202 2249 351 2332 optimum
370 2243 543 2329 supererat,
555 2262 730 2351 ιοῐιιιιιηᾳιιε
734 2248 764 2311 se
780 2251 879 2314 vertit

190 2336 241 2416 ¹ad
254 2336 408 2398 literarum
428 2333 533 2398 studia
549 2335 597 2397 Ne
610 2338 677 2417 quis
691 2339 782 2399 etiam
794 2337 878 2403 soret

198 2425 269 2489 otio
288 2423 407 2499 aditus,
424 2426 596 2507 omnigena
617 2425 826 2516 eruditionis
818 2447 879 2501 ιιι·α

202 2515 393 2578 mensitatem
412 2513 570 2596 amplexus
590 2503 642 2575 est'.

245 2602 293 2664 Eo
316 2616 417 2662 tamen
439 2598 601 2662 scientiae
589 2617 709 2681 impetu
726 2600 807 2663 haud
826 2573 880 2666 re·
997 2645 998 2652 ι

202 2689 358 2754 tardata
333 2685 410 2752 civis
426 2685 535 2750 officia.
548 2687 611 2748 Ubi
626 2687 740 2750 militiae
756 2703 878 2772 tempus

190 2775 319 2870 tadfuit
314 2823 325 2856 ,
342 2778 374 2842 in
395 2773 589 2870 Germanii
581 2790 625 2840 ita
643 2773 675 2840 se
693 2776 879 2863 adprobavit
