2000 3609
227 183 301 294 '184
350 180 386 253 C.
406 181 587 252 Prrnrr
614 178 800 250 Nurun.

226 303 352 386 pruinae,
366 299 493 371 imbres,
507 295 659 380 procellae,
675 296 814 360 turbines.
827 293 919 362 Hine

227 384 351 465 plurima
369 380 535 442 mortalium
552 377 653 451 mala,
665 379 698 439 &
714 397 814 438 terum
830 394 924 440 natu*

227 484 267 523 rae
288 477 384 544 pugna
403 458 510 521 secum.
535 457 668 522 Terrena
682 460 713 517 in
729 458 835 520 caelun
849 474 919 520 ren·

228 543 329 603 dentia
351 542 488 625 deprimit
509 540 638 602 siderum
654 540 699 601 vis
719 560 729 599 r
750 540 857 600 eadem

228 644 294 705 quae
307 621 408 705 sponte
427 624 488 682 ndn
506 618 692 692 subeunt,ad
703 616 844 682 retrahit.

229 704 330 765 cidunt
344 703 473 771 imbres,
490 701 606 762 nebulae
622 697 760 772 subeunt,
773 703 919 766 siccantur

230 805 348 857 amnes,
364 799 449 844 ruunt
480 781 631 852 randires,
653 796 768 842 torrent
781 782 875 854 radii,
886 782 920 846 dr

230 883 337 931 terram
357 866 435 923 inm
476 864 537 923 ium
555 862 624 924 undi
667 881 683 922 e
702 863 867 943 impellunt.
880 862 920 924 lia

228 946 302 1007 darn
322 947 351 1004 in
364 942 433 1004 radii
449 943 603 1004 resiliunt:
663 962 751 1081 ,ῗιιω
771 955 921 1025 potuere,

232 1025 367 1087 auferunt
383 1022 490 1085 secum.
508 1021 614 1105 Vapor,
623 1042 661 1082 ex
676 1024 845 1098 atocadit,
857 1045 920 1084 rur·

232 1107 354 1189 sumque
371 1106 400 1166 in
420 1102 510 1164 altum
521 1104 607 1166 redit.
615 1103 705 1163 Venti
712 1108 848 1185 ingrturnt
858 1106 918 1166 ina·

232 1208 304 1256 nes,
322 1185 411 1245 iidem
434 1204 471 1244 ue
487 1201 555 1245 cum
573 1183 672 1265 raplni
693 1200 834 1248 remeant.
858 1184 921 1245 Tot

233 1266 401 1326 animalium
413 1205 537 1325 lraustus
556 1262 687 1347 spiritum
709 1287 727 1326 e
744 1263 858 1325 sublimi
867 1281 922 1326 tra·

233 1348 287 1407 hit.
312 1346 355 1407 At
375 1344 423 1404 ille
446 1343 549 1405 contra
566 1347 685 1414 nititur,
708 1343 868 1426 tellusque,
889 1361 942 1410 ut·
992 1407 993 1412 ,

182 1439 187 1444 ’
234 1428 313 1486 inani
329 1425 402 1486 caelo
420 1421 551 1507 spiritum
567 1423 701 1486 infundit.
724 1423 772 1487 Sic
793 1425 921 1490 ultrocir

235 1525 340 1589 troque
361 1522 545 1567 commeante
570 1505 696 1578 naturd,
718 1523 751 1567 ut
772 1523 921 1570 tormento

236 1588 355 1670 aliquo,
372 1587 474 1646 mundi
487 1587 636 1648 celeritate
656 1584 799 1648 discordia
819 1605 922 1656 accen·

233 1670 325 1731 ditur.
349 1666 414 1727 Nec
429 1664 505 1736 ,stare
527 1688 632 1752 pugnae
646 1666 735 1738 licet,
748 1666 797 1729 sed
809 1667 921 1729 asaidub

237 1766 319 1831 rapta
348 1748 560 1822 convolvitur,
589 1750 623 1811 &
652 1750 727 1809 circa
744 1765 851 1809 terram
869 1750 922 1814 in·

238 1829 339 1891 menso
359 1849 457 1889 rerum
474 1829 570 1889 causas
591 1828 681 1911 globo
701 1826 846 1891 ostenditr
859 1828 921 1891 sub·

236 1911 307 1971 inde
329 1930 383 1991 per
409 1908 502 1971 nubes
529 1910 637 1971 ¹caelunr
666 1908 744 1969 aliud
773 1910 923 1972 obterens.¹

236 1991 408 2060 ,Ventorum
432 1990 490 2050 hoc
511 2010 642 2072 regnum.
660 1988 763 2072 Itaque
782 1994 922 2074 praecipua

239 2089 343 2130 eorum
361 2085 462 2138 natura
481 2071 537 2144 ibi,
550 2072 582 2131 dc
597 2069 690 2132 fermo
707 2071 832 2153 reliquas
843 2092 923 2144 tom·

239 2150 327 2229 plexa
345 2144 462 2220 causas:
481 2152 617 2230 quoniam
637 2151 670 2212 &
689 2154 866 2226 tonitruum,
889 2153 921 2215 δι

239 2227 396 2291 fulminum
417 2224 521 2306 jadus,
537 2230 641 2304 horum
671 2233 819 2295 violentiae
842 2233 923 2313 pleri·

242 2328 300 2391 que
332 2308 492 2404 adsignant.
525 2307 611 2390 Quin
637 2311 760 2375 &ideo
787 2313 923 2397 lapidibus

244 2390 345 2473 pluere
369 2392 505 2464 rnterim,
515 2392 596 2473 qubd
612 2409 704 2456 vento
722 2397 778 2456 sint
792 2397 880 2477 rapti,
890 2394 922 2455 u

245 2470 338 2533 multa
360 2471 501 2534 similiter.
523 2471 625 2554 Quam
642 2474 683 2535 ob
702 2496 765 2537 rem
788 2477 868 2559 plura
886 2476 923 2540 ἐν,

247 2550 310 2614 mul
333 2550 455 2613 dicenda
474 2552 545 2615 sunt.

289 2619 430 2692 XXXIX.
452 2652 499 2714 39.
523 2633 761 2715 Tempestatum,
774 2656 924 2719 rarumque

246 2709 403 2810 &quasdam
413 2711 495 2788 statar
508 2710 564 2791 elle
575 2713 686 2782 causat:
702 2717 839 2804 quasdam
851 2720 924 2792 verb
