2000 3609
204 257 259 332 xiv
348 253 726 332 ERUDITO

204 377 395 443 scientiarum
408 377 522 451 decus,
540 376 774 440 &eruditorum
789 374 881 439 viro-⁴

203 488 272 531 runt
293 467 398 549 gloria.
418 466 468 529 Sic
490 463 649 547 magnifica
668 461 784 547 semper
801 463 880 526 sem·

203 574 320 638 perque
336 554 511 617 veneranda
525 552 569 615 est
586 569 715 626 natura,
726 553 799 614 licet
813 552 880 614 fru-
965 612 969 620 ,

205 645 293 727 gibus
314 662 437 705 venena
453 640 621 703 inseruerit.
639 640 689 702 Sic
707 643 739 702 in
760 642 880 721 magnis

204 733 281 795 viris
303 732 413 803 emicat
438 730 471 791 &
495 730 618 790 irradiat
643 728 785 804 claritas,
805 728 882 790 licet

204 820 345 883 humanis
366 837 596 899 nonnumquam
619 815 702 898 septa
724 817 762 880 sit
784 816 881 879 vitiis.

205 908 334 971 Errotes
349 909 381 969 in
393 907 481 969 Plinii
495 906 580 967 libris
597 904 723 966 adrodat
739 904 882 968 indo&us

206 996 240 1060 δι
259 994 454 1059 malevolus:
473 993 581 1055 dolius
600 991 764 1073 aequusque
782 992 881 1054 leiior

205 1106 262 1149 eos
284 1083 507 1169 praetetvolat,
529 1082 567 1143 ad
585 1080 670 1143 'teile
684 1073 881 1163 'egregieque
971 1132 974 1136 a

207 1174 285 1235 diota
303 1188 444 1255 properat
463 1194 471 1230 ε
490 1172 527 1231 iis
549 1168 697 1251 proficit,
719 1169 752 1242 ὃς
775 1165 883 1252 profe·⁴

130 1315 134 1328 ,
206 1258 277 1323 ciffe
297 1261 452 1343 gloriatur.

251 1349 311 1410 Pro
332 1347 432 1410 Plinio
452 1344 551 1406 adhuc
573 1344 681 1405 militat
703 1363 753 1406 res
775 1342 882 1407 obser⁴

205 1436 334 1499 vatione
351 1434 524 1517 dignissima
542 1432 575 1493 δι
590 1433 766 1495 certissima.
785 1434 881 1495 Nem·

205 1544 245 1607 pe
261 1522 325 1605 quo
343 1523 437 1604 magis
455 1523 513 1584 lrac
528 1520 631 1585 nostri
649 1537 738 1584 aetate
752 1521 880 1604 amplifi·

206 1628 294 1675 catur
312 1628 429 1674 naturae
445 1608 568 1673 scientia
579 1656 589 1685 ,
601 1609 665 1692 quo
681 1609 784 1692 plures
800 1609 881 1671 fiunt

205 1721 261 1784 pet
275 1702 446 1782 Europam,
457 1697 558 1761 Aliam
569 1745 579 1774 ,
592 1697 788 1778 Africamque
805 1699 880 1760 doc·

205 1805 308 1853 torum
330 1791 488 1852 hominum
510 1787 791 1870 peregrinationes,
814 1785 880 1868 quo

205 1880 294 1962 plura
314 1898 332 1940 e
352 1895 441 1940 terrae
467 1875 634 1939 visceribus
654 1890 803 1936 eruuntur
824 1895 888 1950 un·v

205 1968 354 2054 tiquitatis
371 1982 589 2039 monumenta,
605 1962 645 2029 eo
663 1964 757 2046 magis
774 1961 882 2026 crescit

206 2054 351 2117 Plinianae
378 2054 541 2135 diligentiae
569 2071 605 2113 ac
627 2053 767 2116 veritatis
794 2049 880 2115 fides.

206 2141 305 2206 Immo
324 2142 358 2203 δι
376 2141 455 2202 ultra
474 2156 591 2214 tetras,
611 2159 689 2221 quas
704 2139 805 2203 viiior
822 2160 882 2223 po·

206 2231 297 2314 pulus
329 2230 487 2291 Romanus
519 2229 666 2303 adierat,
697 2231 881 2291 exoriuntur

206 2317 274 2399 ejus
295 2317 442 2388 doilrinae
460 2323 649 2399 'argumenta
672 2316 817 2399 Comperi
839 2336 882 2379 ex

207 2406 341 2491 epistolis
360 2405 398 2470 ab
418 2407 491 2468 urbe
504 2407 613 2487 Peking
627 2403 773 2488 seriptisa
789 2406 881 2481 vito,

206 2499 240 2564 in
257 2494 393 2559 doiirini
408 2494 576 2577 naturique
593 2494 712 2557 Sinensi
728 2493 894 2572 exercita-1

207 2587 348 2659 tissimo,
367 2582 397 2645 se
419 2586 451 2645 in
472 2586 578 2657 libris,
599 2585 631 2642 in
641 2584 722 2663 agris
744 2582 880 2644 Siuensi·

102 2707 106 2722 x
207 2673 265 2736 bus
284 2671 465 2754 singularem
481 2670 569 2745 Plinii
588 2669 690 2734 multis
706 2668 743 2730 de
761 2684 881 2746 tratura

205 2759 299 2836 rebus
314 2760 451 2845 peritiam
468 2755 709 2856 deprehendere,
742 2825 745 2834 Ι
881 2799 895 2858 ‘.
