2000 3609
203 265 273 318 200
322 244 357 314 C.
382 242 560 313 Prrnrr
583 243 771 314 NArvn.

199 364 288 425 istum
303 361 433 424 fulmine.
452 359 605 444 Lucosque
620 363 653 423 δι
671 383 732 422 aras
753 361 786 425 &
804 361 892 426 sacre

199 445 338 506 habemus
349 447 499 523 :interque
511 441 638 503 Statores
647 488 657 516 ‚
667 464 701 502 ac
710 441 887 520 Tonantes,

200 526 234 587 &
250 524 414 597 Feretrios,
431 523 556 584 Eliciurn
575 543 693 606 quoque
715 527 889 605 accepimus

199 605 316 668 Iovem.
344 604 435 666 Varia
460 607 490 664 in
512 605 569 665 hoc
585 606 653 666 vitae
671 603 831 681 sententia,
850 608 888 668 δι

199 707 255 767 pro
275 684 412 768 cujusque
434 688 542 746 animo.
562 683 701 767 Imperari
719 684 890 747 naturaeau·

199 766 280 827 dacis
299 765 340 827 est
356 766 498 840 credere3
513 786 567 825 nec
585 767 681 826 minus
699 765 888 841 hebetis‚be·

199 846 311 908 neficiis
331 846 471 929 abrogare
490 848 587 908 vires:
609 846 725 928 quando
743 848 773 906 in
788 846 887 929 fulgu-

187 948 265 988 ¹rum
290 947 408 1010 quoque
433 928 671 1009 interpretatione
698 928 735 987 eb
758 926 887 1007 profecit

201 1007 338 1085 seientia,
359 1024 391 1069 ut
410 1024 534 1069 ventura
561 1007 614 1067 alia
636 1006 720 1069 finito
742 1008 792 1067 die
808 1027 885 1091 prte-

203 1092 279 1150 tinet
295 1112 304 1151 ε
318 1091 351 1149 &
368 1110 404 1149 an
422 1104 608 1169 peremptura
629 1090 685 1148 sint
705 1087 815 1163 fatum,
833 1104 885 1149 aut

205 1188 339 1252 apertura
377 1172 454 1230 otius
471 1169 527 1229 alia
545 1167 603 1229 fata
622 1189 685 1251 quae
699 1168 886 1245 lateant‚in·

202 1192 427 1311 numerabifibus
441 1252 471 1308 in
483 1266 607 1330 utroque
618 1249 740 1329 publicis
753 1248 886 1330 privatis·

203 1351 260 1411 que
276 1332 489 1410 experimentis.
517 1328 721 1408 Quamobrem
738 1332 796 1391 sint
811 1329 887 1405 ista,'

202 1427 235 1471 ut
255 1430 350 1470 rerum
374 1427 481 1471 naturae
498 1409 596 1483 libuit,
622 1411 684 1470 aliis
703 1427 799 1487 certa,
820 1411 884 1472 aliis

107 1533 119 1552 n
203 1490 309 1565 dubia,
327 1490 387 1551 uiis
406 1491 547 1572 probate,
559 1491 619 1551 aliis
636 1490 884 1553 damnandorum

203 1588 317 1645 cetera,
329 1592 394 1655 quae
411 1571 474 1632 sunt
492 1574 524 1631 in
534 1572 579 1632 his
597 1571 813 1647 memorabilia,
823 1593 883 1636 non

203 1671 382 1715 omittemus.
850 1696 853 1704 ·

244 1733 309 1795 LV.
332 1753 379 1816 54.
397 1733 564 1818 Fulgetrnm
585 1735 664 1818 prius
681 1736 779 1809 cerni,
796 1734 884 1818 quim

203 1818 343 1877 tonitrum
364 1815 477 1887 audiri,
491 1819 558 1876 cum
577 1816 661 1876 simui
674 1813 744 1876 fiant
753 1835 884 1890 ,certum

178 1902 181 1908 '
204 1894 256 1957 est.
279 1895 344 1958 Nec
360 1897 482 1958 mitum:
498 1898 635 1979 quoniam
655 1896 703 1957 lux
723 1895 818 1958 sonitu
833 1918 885 1960 ve·

203 1976 305 2038 locior.
318 1975 408 2038 letum
417 1995 514 2039 autem
523 1975 690 2039 &sonitum
706 1997 881 2061 congruere,

202 2060 241 2120 ita
252 2055 529 2117 modulante'naturi
539 2080 546 2117 ε
557 2055 607 2117 sed
622 2057 747 2119 sonitum
783 2058 883 2120 rofeeti

202 2082 883 2222 effefulrninis,nonillatiEtiamnumipirirnm

203 2217 334 2277 ociorem
349 2214 487 2277 fulmine:
507 2216 575 2277 ideo
596 2221 676 2300 quati
693 2223 773 2300 prius
796 2231 883 2281 omne

204 2297 239 2359 &
254 2294 361 2370 afflari,
381 2294 467 2377 quim
488 2299 617 2376 percuti:
637 2319 692 2359 nec
706 2320 882 2383 quemquam

204 2379 300 2461 tangi,
318 2378 367 2459 qui
387 2379 468 2458 prior
486 2377 595 2440 viderit
612 2378 722 2442 fulmen
735 2419 751 2468 2
766 2398 816 2442 aut
838 2396 884 2443 to-

204 2462 282 2520 nitru
302 2458 543 2521 audierit-Laeva
560 2459 696 2544 prospera
718 2460 884 2523 existiman·

194 2549 268 2602 tur:
288 2541 427 2621 quoniam
444 2539 519 2601 tave
533 2557 620 2678 parte
636 2541 736 2602 mundi
744 2557 825 2603 ortus
834 2539 887 2604 est:

204 2619 270 2681 Nec
286 2638 346 2681 tam
365 2620 509 2682 adventus
545 2620 689 2699 peitatur,
704 2621 793 2703 quint
808 2623 883 2683 redi·

204 2716 250 2759 tus
262 2723 269 2761 ι
282 2703 345 2762 sive
360 2700 396 2761 ab
416 2699 474 2760 ittu
489 2701 579 2761 resilit
595 2702 691 2783 ignis,
706 2704 769 2763 sive
792 2721 882 2785 opere
989 2773 990 2782 χ

202 2778 359 2855 comesto,
378 2798 426 2843 aut
440 2785 507 2865 igne
524 2778 696 2869 consumpto
714 2781 883 2868 spiriruere·
