2000 3609
194 284 260 389 486
442 303 622 369 ΝοΗέ

232 436 258 470 2.
277 416 413 477 Arcanos,
429 414 550 466 Vaccaeos.
561 408 656 466 De'his
673 417 774 482 populis
794 414 849 468 dixi
857 416 884 469 in

195 490 334 557 fragmento
352 488 410 540 libri
428 491 497 541 XCI.
510 490 561 540 Titi
579 488 660 551 Livii,
682 490 750 556 quod
762 491 890 541 illustravit

194 566 221 613 in
235 564 314 614 alteri
333 563 388 613 meai
407 563 489 613 Taciti
509 564 640 620 editione,
662 561 737 612 Tom.
758 564 806 617 lV.
823 581 881 632 pag.

200 652 262 702 570·

213 712 297 776 ,cap
312 709 385 761 XXI.
406 727 428 761 1.
453 711 508 760 Alii
530 709 666 759 Artabrum.
688 710 761 759 Nunc
784 709 809 758 le
830 710 882 777 Cap

196 784 226 833 cle
238 784 263 832 la
278 782 363 845 Roca,
377 785 418 833 vel
434 786 462 833 dc
476 782 581 835 Roxenr.

245 856 313 907 Car.
337 856 417 906 xxtl.
437 872 460 907 1.
482 856 616 906 AEmiuius.
640 857 712 905 Nunc
737 852 883 906 Guadalere.

196 930 235 981 lbi
256 929 391 980 oblivionis
401 929 493 979 flumen
509 929 657 997 Elysiolque
672 944 773 994 campos
785 943 883 978 memo-

201 1019 292 1054 ravere
310 1003 408 1052 fabular.

199 1150 213 1199 s
228 1093 263 1201 εἰ
281 1076 399 1200 {quarum
414 1094 426 1126 e
444 1075 562 1126 Fauonio.
577 1075 643 1129 Vide
654 1074 716 1125 iniri
730 1074 800 1126 Libr.
811 1073 881 1129 vlll.

213 1167 226 1200 e
251 1189 257 1202 ,
300 1167 325 1214 7.

212 1266 215 1269 .
233 1236 263 1289 13.
279 1220 467 1272 Promontorium
480 1221 585 1272 Sacrum.
603 1192 675 1272 Nunc
693 1220 715 1270 la
731 1222 779 1287 Cap
800 1219 884 1269 Saint·
989 1268 990 1271 ,

174 1339 181 1358 ,
203 1295 230 1346 V
228 1299 315 1349 iurent.
338 1296 457 1358 Cuneus,
472 1296 494 1346 lr
512 1298 562 1362 Cap
580 1293 764 1346 Salute-Mario.

236 1386 264 1431 4·
281 1368 396 1441 Hm„
405 1382 489 1421 rum.
507 1381 541 1423 m.
553 1368 591 1419 lta
604 1367 653 1419 Ms.
667 1366 732 1434 Reg.
750 1383 773 1418 1.
788 1367 820 1418 ln
832 1366 886 1416 edi·

199 1440 268 1495 tione
289 1440 421 1506 principe,
441 1450 526 1502 mx.
550 1456 604 1494 xrr.
632 1442 674 1492 Sir
692 1441 718 1492 bt
735 1439 798 1492 Mu,
818 1440 883 1506 Reg.
931 1480 937 1491 .

205 1530 229 1580 ς.
255 1514 281 1564 δι
303 1514 328 1564 6.
354 1513 451 1564 ‘Frustra
468 1516 493 1565 in
518 1516 700 1566 recentioribus
729 1512 893 1563 editionibus
987 1518 990 1529 ⁴

201 1589 375 1651 emendatum,
390 1595 474 1648 ῑᾱᾱ.
486 1601 569 1641 xxrl.
587 1587 665 1640 Certe
683 1587 759 1638 totius
773 1603 824 1636 orae
833 1586 885 1635 rir-

201 1662 271 1715 cuitu
289 1680 304 1711 a
319 1662 491 1727 promontorio
505 1662 642 1729 Pyrenaeo,
659 1661 681 1712 le
697 1665 745 1728 Cap
755 1661 782 1709 da
793 1659 884 1721 Creus,

201 1735 232 1791 ad
249 1737 354 1785 alterum
366 1738 562 1801 promontorium
578 1735 643 1784 inter
657 1738 731 1785 urbes
747 1732 820 1782 Saint
835 1731 885 1781 Sl·

202 1807 289 1870 bastien
309 1808 334 1859 &
350 1806 507 1873 Fontarabr'e,
522 1810 544 1859 si
555 1808 653 1860 sinuum
662 1805 783 1864 anfraflus
795 1822 888 1856 nume-

201 1895 306 1943 rentur,
327 1883 382 1948 plus
400 1882 542 1951 colligitur,
557 1886 628 1951 quam
649 1886 731 1942 ῖχῖῑ.
751 1894 825 1934 xxm.
851 1896 888 1937 ru.
915 1940 918 1945 ¹

201 1954 262 2021 pals.

211 2080 217 2091 ,
238 2045 267 2091 ·ς.
284 2029 438 2079 cassiterides
458 2029 547 2094 infida.
562 2026 610 2079 Hic
628 2044 680 2079 non
698 2028 816 2081 videntur
834 2028 886 2077 illae

202 2100 286 2151 insulae
301 2103 394 2166 plumbi
405 2102 510 2154 feraces.
526 2100 601 2152 Forte
609 2098 663 2153 'huc
674 2112 780 2153 revocat
792 2098 896 2152 Plinius¹

204 2172 369 2223 Cassiteridas
383 2175 491 2238 insulas,
508 2177 543 2225 les
556 2174 706 2243 Sorlbrgres,
725 2191 778 2241 quae
791 2173 891 2224 suntin

119 2270 121 2274 v
204 2243 250 2296 ori
266 2246 415 2308 Britanniae,
434 2250 476 2297 vel
495 2248 569 2314 ipsam
596 2249 691 2300 Miuim
717 2247 836 2306 insulam,
853 2247 891 2298 de

204 2318 253 2389 qui
271 2318 319 2387 jam
336 2319 386 2370 dixi
406 2319 487 2387 suprl.

242 2394 269 2446 6.
286 2394 391 2444 Deorum
398 2393 454 2458 sex.
476 2394 513 2444 Ut
531 2395 556 2445 in
575 2393 768 2447 Cassiteridibus
782 2398 897 2444 errave·'

204 2483 232 2533 re
240 2467 347 2534 antiqui,
356 2469 390 2517 sic
398 2484 498 2536 quoque
508 2467 532 2518 in
544 2468 581 2518 his
594 2464 677 2519 insulis
686 2469 817 2530 Deorum,
828 2484 891 2534 quas

206 2541 282 2609 aliqui
303 2540 448 2591 Fortunatas
471 2544 639 2607 appellavere.
665 2542 810 2592 Fortunatae
828 2540 868 2591 inl
884 2567 896 2579 ·

205 2616 256 2677 la,
277 2615 312 2663 les
330 2614 375 2663 iles
391 2617 517 2679 Carraries,
530 2612 608 2664 multb
629 2612 732 2665 inferitis
746 2615 803 2664 sitae
814 2614 841 2664 in
848 2613 897 2664 At·

206 2689 299 2751 lantico
313 2688 383 2738 mari.
399 2688 439 2737 Ne
456 2688 539 2741 insulae
558 2687 654 2755 quidem
679 2687 766 2745 cicae,
787 2688 825 2737 les
846 2687 896 2737 iles
989 2724 990 2743 2

207 2761 235 2806 de
251 2759 385 2826 Bayonne,
403 2762 434 2811 de
455 2762 543 2828 quibus
565 2761 654 2811 diuum
674 2760 766 2826 supra,
784 2772 860 2810 erant
881 2776 898 2810 e

206 2830 311 2894 regione
326 2836 491 2900 promontorii
512 2833 722 2907 Arrotrebarum,
742 2831 898 2900 Celticire,
989 2862 990 2867 =

205 2917 269 2954 nttnt
288 2905 309 2955 le
325 2911 375 2972 cap
391 2908 419 2963 d<
437 2907 567 2971 Finistrrra.
634 2936 638 2941 -
