2000 3609
250 205 317 280 186
366 206 402 275 C.
428 205 607 275 Pnurt
632 204 810 275 Nnrun.

245 342 316 387 vent
334 325 424 385 maria
443 325 593 385 exoriente
613 344 666 398 eo,
678 321 814 384 flub'cuant
824 323 854 385 in
864 317 932 386 cei·

244 406 279 467 lis
299 407 387 476 vina,
405 422 562 466 moventur
580 402 691 487 stagna..
713 401 850 487 Orygem
869 427 928 487 πρ.

243 486 333 569 pellat
354 485 499 569 AEgyptus
517 485 633 561 feram,
655 506 743 567 quam
767 489 801 545 in
821 506 928 548 exortu

244 565 316 648 ejus.
333 566 435 629 contri
450 566 544 642 stare,
562 569 598 629 br
617 567 748 628 contueri
763 568 848 627 tradit
860 612 870 642 ,
884 587 927 627 ac

244 648 327 710 velut
339 648 474 722 adorare,
492 651 562 709 cimt
575 646 735 708 sternuerit.
753 644 848 709 Canes
859 650 927 729 qni·

244 728 314 790 dem
332 747 400 791 toto
418 750 456 791 eo
474 726 566 810 spatio
578 728 860 790 maximbmrabiem
868 729 926 811 egi,

245 807 363 871 nonest
380 810 510 871 dubium.

250 946 253 952 .
285 888 363 952 XLI.
386 911 436 966 4¹·
458 889 543 969 Quin
573 889 682 951 artibus
695 890 925 973 quoquesigno-

245 1073 476 1202 taribuiqbonfici
494 1132 572 1194 sidus
588 1073 783 1214 inrgiiigimus.
795 1130 862 1192 Nec
872 1135 925 1192 im·

245 1212 344 1272 bribus
359 1216 472 1273 tantum
481 1211 754 1295 tempestatibusque
764 1256 777 1284 ,
788 1211 840 1273 sed
853 1213 925 1273 mul·

244 1294 283 1354 tis
301 1292 335 1353 δι
351 1314 529 1374 corporum,
551 1295 586 1358 ἃ.
609 1295 680 1353 ruris
713 1295 924 1375 experimentm

245 1370 391 1435 Afflantur
411 1375 457 1434 alii
479 1374 592 1445 sidere,
613 1373 660 1433 alii
682 1393 926 1450 commoventur,

246 1451 324 1516 statis
348 1454 552 1535 temporibus,
573 1453 664 1526 alvo,
681 1457 797 1529 nervis,
811 1458 925 1538 capite,

246 1551 355 1596 mente.
379 1532 476 1609 Olea,
487 1534 656 1617 &populus
669 1535 750 1610 alba,
762 1538 798 1597 bt
810 1536 925 1608 salices,

247 1614 368 1681 solstitio
377 1615 447 1676 folia
456 1617 661 1698 circumagunt.
679 1615 778 1677 Floret
787 1616 852 1697 ipso
862 1617 927 1678 bru·

246 1696 315 1760 mali
329 1697 378 1758 die
397 1695 530 1778 suspensa
547 1699 577 1758 in
598 1695 680 1757 teffis
706 1700 814 1759 arentis
840 1698 927 1759 herba

246 1777 369 1922 pulegii,
383 1794 553 1860 rumpuntur
568 1781 687 1839 intenta
711 1775 811 1861 spiriru
837 1800 928 1843 mem·

270 1879 353 1920 ranae.
382 1858 508 1921 Miretur
528 1858 612 1935 hoc,
631 1862 680 1942 qui
706 1879 766 1919 non
792 1858 927 1922 observet

247 1940 419 2020 quotidiano
438 1942 662 2021 experimento,
681 1938 804 2001 herbam
819 1962 928 2015 unam,

246 2039 313 2097 quae
332 2036 454 2080 vocatur
467 2020 695 2101 heliotropium,
710 2021 928 2084 abeuntemsso·

247 2097 306 2157 lem
321 2099 426 2158 intueri
438 2097 497 2159 sem
537 2121 565 2171 r,
574 2098 764 2185 omnibusque
773 2102 851 2164 horis
862 2123 927 2165 cum

246 2196 285 2236 eo
302 2178 498 2251 verti,·velnu
520 2180 561 2240 ilo
573 2179 776 2246 obumbrante.
793 2182 856 2244 iarn
865 2186 926 2267 qui·

246 2255 317 2317 dem
332 2257 422 2319 lunari
439 2258 581 2342 potestute
589 2258 771 2338 ostrearum,
794 2266 926 2347 conchy-

178 2341 181 2342 ’
246 2337 434 2437 horumque,
447 2342 480 2405 &
507 2341 682 2403 concharum
702 2346 836 2406 omnium
866 2367 927 2407 cor·

247 2441 322 2503 pota
337 2442 374 2482 au
413 2444 454 2499 rr,
473 2444 507 2484 nc
522 2422 615 2486 rursus
629 2425 729 2485 minui.
740 2422 824 2505 Quin
839 2427 872 2488 ὅ(
882 2423 927 2490 so·

246 2503 340 2562 ticum
359 2501 379 2563 fi
401 2525 444 2565 ras
467 2503 641 2586 respondere
669 2525 791 2568 numero
820 2506 925 2583 buno,

247 2584 431 2662 exquisivere
461 2585 659 2666 diligentiores
683 2608 692 2646 τ
720 2588 926 2671 minimumque

246 2663 353 2723 animal
381 2662 553 2738 formicam,
578 2662 682 2726 sentire
707 2669 786 2728 vires
808 2669 925 2743 sideris,

245 2739 400 2807 interlunio
416 2742 532 2828 semper
547 2741 713 2813 ceffautem.
732 2746 806 2833 Qub
818 2752 926 2836 turpior
